5065 6532
4615 365 123 50 2155

359 662 371 54 DOSTOEVSKY,
776 663 206 40 FEODOR
1018 663 439 45 MIKHAILOVICH.

431 724 98 42 The
568 723 272 44 brothers
880 726 334 51 Karamazov,
1261 727 67 51 by
1366 726 204 51 Fyodor

499 783 369 50 Dostoevsky.
949 785 33 37 A
1019 793 102 31 new
1160 783 374 42 translation
1572 785 68 50 by

499 841 208 42 Andrew
744 842 55 42 R.
845 843 335 41 MacAndrew.
1266 844 409 52 Introductory

501 911 173 41 essay
707 901 70 51 by
811 903 343 40 Konstantin
1191 903 335 53 Mochulsky.

500 962 104 39 New
640 962 159 51 York,
847 964 206 38 Bantam
1088 964 196 41 Books.
1368 955 99 57 936
1502 974 58 41 p.

511 1014 56 58 (A
604 1021 206 41 Bantam
849 1022 262 50 classic,
1159 1013 228 63 RC4424)
1463 1023 38 37 ©
1541 1034 62 29 on

503 1078 398 41 translation:
950 1082 206 38 Bantam
1192 1081 195 51 Books,
1438 1083 155 49 Inc.;

495 1136 234 51 3Aug70;
777 1129 265 55 A174495.

457 1204 168 33 Crime
668 1202 94 32 and
805 1194 369 50 punishment,
1218 1192 69 48 by
1322 1190 206 40 Feodor

526 1252 404 52 Dostoyevsky;
979 1250 132 40 with
1155 1248 264 40 reader's
1463 1246 166 51 guide
1669 1244 68 50 by

530 1312 201 41 Samuel
770 1312 265 40 Kostman.
1120 1308 300 41 Teacher's
1465 1306 87 39 ed.
1637 1306 95 37 New

530 1372 161 47 York,
736 1368 170 41 Amsco
946 1366 201 40 School
1188 1363 436 42 Publications.

528 1429 100 48 513
671 1438 53 40 p.
816 1421 195 60 (Amsco
1053 1423 336 40 literature
1432 1414 264 60 program)

532 1489 87 39 NM:
672 1486 267 40 reader's
981 1483 194 50 guide.
1251 1480 41 39 ©
1325 1479 171 41 Amsco
1534 1477 204 40 School

533 1543 436 49 Publications,
1018 1543 158 47 Inc.;
1228 1533 259 55 26Oct70;
531 1591 262 51 A192628.

427 1650 98 40 The
565 1651 170 49 grand
775 1649 364 51 inquisitor.
1222 1651 98 39 See
1356 1651 337 53 WASSERMAN,
494 1709 173 40 JERRY
704 1709 91 51 S.,
844 1709 88 41 ed.

476 1772 65 39 Le
582 1770 229 50 joueur,
862 1768 177 40 suivi'
1069 1769 63 39 de
1171 1769 132 38 Dans
1341 1776 104 31 mon
1486 1764 328 41 souterrain

547 1827 306 42 l'eternel
889 1826 165 50 mari,
1103 1826 63 50 by
1205 1825 171 41 Fedor
1415 1822 398 43 Dostoievski.

548 1888 157 40 Pref.
757 1888 62 40 de
858 1885 239 43 Gilbert
1138 1884 227 51 Sigaux.
1450 1883 191 40 Illus.

550 1944 337 52 originates
932 1945 62 39 et
1036 1942 260 41 frontis.
1347 1942 63 40 de
1451 1941 202 40 Pietro

549 2004 190 41 Sarto.
837 1996 249 61 [Geneva]
1138 1999 306 43 Distribue
1483 2008 101 42 par
1625 1999 62 39 le

547 2063 205 40 Cercle
792 2064 63 38 de
895 2060 401 50 Bibliophile.
1383 2049 98 58 490
1519 2068 55 39 p.
1665 2053 125 58 (Les

549 2119 481 42 Chefs-d'oeuvre
1072 2120 61 39 de
1174 2118 65 38 la
1280 2115 374 42 litterature

551 2173 195 60 russe)
823 2179 41 39 ©
897 2187 65 31 on
999 2176 160 51 pref.
1208 2178 33 39 &
1280 2174 227 52 illus.;
550 2172 1206 110 Edito-Service,

863 2236 160 45 S.A.;
1072 2234 263 47 15May70;
1522 2225 166 50 AF0-62113.

449 2298 273 42 Netochka
760 2299 333 49 Nezvanova,
1139 2296 68 50 by
1242 2294 206 50 Fyodor
516 2357 403 50 Dostoyevsky.

1005 2353 336 42 Translated
1381 2353 67 50 by
1485 2351 101 41 Ann
517 2416 333 50 Dunningan.
931 2414 306 50 Englewood

1280 2412 229 52 Cliffs,
1556 2414 160 49 N.J.,
521 2474 467 44 Prentice-Hall.
1075 2473 96 41 201
1213 2483 54 41 p.
1344 2472 39 40 ©
1420 2482 64 30 on

523 2473 1164 114 translation;
793 2535 104 40 Ann
932 2533 299 52 Dunnigan;
1283 2529 259 55 25Aug70;
519 2586 262 57 A175340.

369 2708 106 41 DOT
511 2710 240 42 PATTERN
790 2713 89 42 CO.

444 2767 94 41 The
578 2769 101 40 Dot
715 2771 243 41 Pattern
998 2774 228 50 system;
1274 2774 200 44 deluxe
509 2828 232 41 manual.

822 2829 100 40 New
958 2831 164 51 York,
1171 2831 303 45 Institute
1516 2836 63 39 of
514 2885 234 41 Pattern
786 2887 230 51 Design.
1102 2893 27 39 1
1168 2902 55 31 v.
1303 2893 39 39 ©
1373 2895 100 40 Dot

512 2943 236 42 Pattern
788 2946 125 51 Co.,
961 2956 30 30 a
1032 2947 341 53 subsidiary
1413 2951 61 40 of
1511 2952 101 40 Dot

511 3001 236 41 Pattern
788 3004 124 39 Pub.
961 3005 90 41 Co.
1100 3006 63 40 of
1198 3005 268 55 America,
1517 3009 157 50 Inc.;

508 3058 265 53 20Oct70;
815 3055 269 56 A199208.

420 3187 32 41 DOT
491 3184 239 43 PATTERN
766 3184 123 43 PUB.
941 3184 88 42 CO.
1081 3184 63 40 OF
1180 3181 266 55 AMERICA,
1495 3181 123 42 INC.

420 3247 273 49 Elegance
734 3244 66 43 in
837 3244 270 41 fashions
1146 3243 138 41 with
1321 3242 99 42 Dot

493 3304 261 39 Pattern.
838 3303 97 39 See
980 3301 303 40 INSTITUTE
1324 3300 64 41 OF
1426 3301 240 38 PATTERN

491 3362 231 51 DESIGN,
772 3360 120 41 INC.

362 3490 106 39 DOT
506 3490 238 39 PATTERN
783 3489 124 40 PUB.
955 3489 93 40 CO.
1097 3488 64 38 OF
1194 3486 269 53 AMERICA,
1513 3486 123 40 INC.

435 3546 103 40 DOT
577 3544 238 43 PATTERN
853 3547 89 40 CO.
990 3544 370 42 SUBSIDIARY.
1441 3544 97 39 See
434 3604 104 41 DOT
577 3602 237 42 PATTERN
853 3604 89 41 CO.

358 3715 198 60 DOTAN,
599 3717 163 46 ARON.

429 3785 100 41 Two
570 3783 302 41 treatises
916 3792 65 29 on
1019 3781 97 39 the
1158 3778 411 41 accentuation
1609 3776 63 38 of

498 3843 100 40 the
640 3842 98 41 Old
776 3839 332 45 Testament.
1191 3838 100 40 See
1327 3835 235 52 WICKES,
497 3899 268 43 WILLIAM.

349 4048 204 41 DOTHAN
599 4042 185 63 (ALA.)
835 4050 199 41 FLYERS
1076 4051 203 41 SCHOOL
1319 4053 66 40 OF
1419 4054 301 42 AVIATION.

414 4107 238 40 Airline
694 4107 305 52 transport
1042 4109 225 50 rating;
1321 4110 166 50 study

484 4166 195 47 guide.
763 4166 27 40 1
831 4177 55 30 v.
969 4168 160 49 Appl.
1178 4167 230 43 author:
1456 4171 101 39 Tom
1594 4171 55 39 R.

484 4223 264 48 Kneiley.
823 4224 38 38 ©
901 4225 101 39 Tom
1039 4225 57 41 R.
1144 4225 263 49 Kneiley;
1455 4227 229 46 2Feb70;
484 4271 264 61 A164858.

376 4393 233 49 DOTSON,
653 4393 170 40 HARRY
861 4395 57 39 G.

447 4449 165 39 Rules
655 4450 99 38 for
792 4451 367 48 Practiputt.
1235 4453 30 45 3
1312 4450 234 43 folders
1583 4453 32 36 &
517 4507 158 39 card.
751 4506 38 38 ©

827 4508 170 48 Harry
1035 4510 55 38 G.
1138 4509 227 49 Dotson;
1408 4501 267 56 31Aug68;
514 4554 265 54 A167846.

357 4668 164 55 DOTY,
568 4671 126 40 ROY.

430 4729 133 39 Exit
602 4728 299 53 backward,
949 4730 230 50 bowing.
1261 4732 96 39 See
1400 4732 156 52 LORD,
502 4788 199 40 OSWALD
740 4788 196 42 BATES.

413 4944 160 49 DOTY,
619 4941 241 41 WILLIAM
896 4942 59 41 L.

481 5003 100 38 The
622 5000 272 50 on-going
932 4998 368 49 pilgrimage:
1350 5003 263 41 process,
553 5057 478 50 psychodynamics

1073 5056 96 39 and
1213 5052 268 49 personal
1522 5056 269 42 presence
589 5123 30 24 in
659 5115 95 32 the
800 5111 300 44 spiritual
1145 5110 158 35 life.
1385 5108 202 35 Staten

553 5165 228 50 Island,
829 5163 159 49 N.Y.,
1037 5163 135 40 Alba
1209 5161 199 42 House.
1490 5158 95 48 179
1626 5167 58 39 p.

557 5225 158 48 Appl.
762 5222 225 42 author:
1039 5221 237 48 Society
1316 5218 63 39 of
1420 5218 92 40 St.
1560 5215 160 48 Paul,

556 5281 270 49 employer
867 5281 97 38 for
1004 5280 161 40 hire.
1246 5275 37 40 ©
1316 5275 237 49 Society
1594 5273 62 40 of

556 5341 92 41 St.
695 5338 155 49 Paul;
901 5331 261 55 24Aug70;
1212 5325 266 51 A178216.

385 5470 161 51 DOTY,
586 5469 244 44 WILLIAM
864 5473 58 40 R.

457 5527 62 40 Of
556 5528 159 50 time,
763 5529 195 51 truth,
1006 5531 99 39 and
1144 5530 230 50 trivia,
1420 5533 65 48 by
1524 5533 133 40 Bill
523 5586 160 49 Doty.

764 5575 66 49 44
866 5597 56 39 p.
1000 5588 40 38 ©
1069 5588 243 41 William
1349 5590 59 41 R.
1455 5590 161 50 Doty;
523 5642 261 52 20Nov70;
832 5636 264 57 A198718.

374 5759 308 43 DOUBLEDAY
716 5759 377 43 ADVERTISING
1134 5761 127 51 CO.,
1308 5760 124 42 INC.

441 5822 67 39 An
546 5822 303 41 alternate
890 5823 131 38 test
1067 5823 61 38 of
1168 5821 377 49 advertising
513 5881 469 41 effectiveness.

1066 5881 96 39 See
1204 5879 299 51 STODDARD,
512 5938 228 38 EDWARD.

382 6071 307 45 DOUBLEDAY
721 6071 31 39 &
796 6069 89 43 CO.
973 6070 94 39 See

450 6130 343 42 LECTIONARY
830 6130 103 39 FOR
968 6128 161 41 MASS.

1897 667 713 60 DOUBLEDAY & CO., INC.
1966 732 237 43 Alice's
2245 734 365 42 Restaurant.
2695 734 96 40 See
2831 735 266 49 HERNDON,
2035 794 264 43 VENABLE.

1938 865 206 43 Bitter
2180 867 263 52 victory.
2526 869 96 42 See
2663 871 197 54 HENRI,
2905 871 302 46 FLORETTE.

1948 926 135 44 Born
2126 932 62 40 to
2229 935 156 53 lose,
2431 937 168 43 bound
2643 943 61 39 to
2743 943 126 42 win.
2953 947 96 43 See
2018 986 195 59 ALLEN,
2260 991 57 45 A.
2362 998 58 44 A.

1946 1071 99 37 The
2084 1071 193 40 bride.
2363 1072 95 38 See
2498 1072 263 52 GROSMAN,
2808 1075 296 41 LADISLAV.

1964 1159 97 39 The
2104 1158 197 50 bridge
2344 1159 62 40 to
2446 1158 97 41 the
2584 1161 169 40 other
2797 1161 156 40 side.
3037 1161 95 40 See

2035 1213 295 51 KOTOWSKA,
2376 1214 231 42 MONIKA.

1972 1288 198 48 Coming
2210 1288 131 39 home
2383 1288 134 39 from
2554 1290 97 37 the
2692 1300 125 30 war.
2903 1292 94 37 See
3036 1291 197 53 KRUSS,
2038 1346 192 41 JAMES.

1976 1427 268 49 Complete
2281 1425 231 49 poetry.
2596 1421 95 41 See
2735 1418 262 51 CRASHAW,
2043 1483 264 42 RICHARD.

1940 1552 517 53 Demythologizing
2496 1554 97 41 the
2633 1557 231 49 Gospel.
2945 1559 97 38 See

2011 1611 197 52 EVELY,
2255 1612 193 43 LOUIS.

1966 1699 377 49 Discovering
2378 1698 203 39 nature
2623 1696 261 40 indoors.
2971 1694 94 40 See

2034 1760 266 51 PRINGLE,
2346 1757 299 53 LAURENCE,
2693 1756 89 40 ed.

1952 1821 270 42 Efraim's
2263 1825 160 42 book.
2506 1827 96 42 See
2641 1831 302 56 ANDERSCH,
2988 1834 231 48 ALFRED.

1939 1909 168 52 Eight
2144 1908 406 52 photographs.
2632 1909 97 39 See
2767 1909 198 51 KRIMS,
3014 1908 229 44 LESLIE.

1945 1984 168 51 Eight
2151 1983 403 52 photographs.
2637 1985 97 40 See
2772 1986 303 52 UELSMANN,
2017 2044 192 40 JERRY.

1955 2108 171 52 Fifty
2162 2122 166 39 years
2372 2115 65 38 of
2474 2113 97 43 the
2609 2116 278 42 American
2927 2121 163 40 short

2027 2166 191 52 story.
2301 2168 97 42 See
2436 2169 303 57 ABRAHAMS,
2783 2175 266 43 WILLIAM.

1975 2252 164 38 God's
2178 2251 135 39 bits
2354 2251 64 38 of
2454 2250 161 41 wood.
2701 2251 96 38 See
2841 2249 262 51 SEMBENE,
2044 2308 260 42 OUSMANE.

1975 2377 129 42 Gods
2146 2378 136 42 with
2318 2381 201 39 bronze
2563 2383 226 41 swords.
2873 2383 97 41 See

2042 2437 265 54 LOVERDO,
2355 2440 166 41 COSTA
2559 2441 91 43 DE.

1954 2512 99 42 The
2093 2513 204 51 golden
2332 2515 161 50 keys.
2576 2515 98 39 See
2711 2514 476 53 KONINGSBERGER,
2022 2572 159 41 HANS.

1969 2638 27 38 I
2035 2646 96 30 was
2174 2647 29 29 a
2242 2639 170 40 Black
2452 2641 260 42 Panther.
2795 2642 99 41 See
2931 2643 199 52 MOORE,
2035 2695 193 42 CHUCK.

1962 2764 120 40 Ice.
2169 2764 96 40 See
2305 2766 193 53 KAVAN,
2547 2767 157 44 ANNA.

1955 2845 98 39 The
2098 2845 272 39 inchworm
2405 2853 96 31 war
2544 2845 96 39 and
2681 2845 98 39 the
2821 2845 309 52 butterfly

2029 2911 192 40 peace.
2305 2902 94 41 See
2440 2901 231 53 BROWER,
2717 2902 196 41 BROCK.

1956 2978 136 41 John
2129 2981 206 40 Dalton
2372 2983 99 38 and
2512 2982 96 41 the
2648 2985 200 39 atomic
2893 2984 224 52 theory.

2027 3038 98 39 See
2165 3038 333 55 PATTERSON,
2543 3042 311 42 ELIZABETH
2893 3045 54 40 C.

1963 3112 203 41 Killer
2203 3111 103 47 boy
2341 3115 98 31 was
2480 3105 161 38 here.
2725 3101 96 38 See
2864 3092 193 53 STEIN,
2035 3165 168 43 AARON
2239 3163 162 43 MARC.

1964 3240 196 40 Loner.
2240 3236 99 40 See
2378 3234 232 53 KWOLEK,
2656 3232 334 43 CONSTANCE.

1969 3300 95 42 The
2103 3300 205 40 Marcel
2344 3299 240 41 Marceau
2626 3300 269 48 alphabet
2934 3299 160 39 book.

2039 3359 95 42 See
2173 3360 266 55 MENDOZA,
2486 3360 228 41 GEORGE.

1969 3419 208 50 Mighty
2213 3420 135 40 hard
2389 3421 156 41 road.
2627 3422 98 41 See
2767 3424 263 52 TERZIAN,
2041 3478 166 39 JAMES
2249 3478 55 42 P.

1967 3547 270 40 Miracles
2282 3548 97 38 and
2419 3547 194 43 faith.
2696 3550 96 39 See
2834 3550 195 48 EVELY,
3076 3550 194 43 LOUIS.

1954 3607 204 39 Murder
2202 3607 63 39 in
2302 3607 134 48 High
2476 3606 194 43 Place.
2752 3607 98 40 See
2891 3606 266 54 DOMINIC,
2024 3665 62 39 R.
2129 3665 95 50 B.,
2269 3665 194 50 pseud.

1973 3731 98 41 The
2113 3733 167 40 ochre
2323 3734 156 51 robe,
2530 3745 63 30 an
2633 3736 466 51 autobiography.

2045 3791 96 38 See
2180 3792 265 53 BHARATI,
2492 3793 364 45 AGEHANANDA.

1969 3851 101 40 Our
2109 3849 370 40 environment
2524 3859 97 31 can
2661 3850 61 39 be
2768 3851 191 40 saved.
3041 3852 96 39 See

2036 3910 404 54 ROCKEFELLER,
2488 3910 204 43 NELSON
2731 3911 56 44 A.

1963 4000 195 42 Pocho.
2241 3999 95 40 See
2374 3994 373 52 VILLARREAL,
2793 3992 132 41 JOSE
2031 4060 264 41 ANTONIO.

1968 4144 163 39 Poems
2170 4144 69 49 by
2275 4143 160 40 Kali.
2519 4142 95 41 See
2657 4141 334 52 GROSVENOR,
3037 4140 158 44 KALI.

1971 4210 263 42 Pushkin.
2317 4213 96 41 See
2454 4214 229 54 TROYAT,
2729 4217 196 41 HENRI.

1961 4297 161 49 Ryle.
2203 4295 98 40 See
2336 4294 167 50 WOOD,
2548 4291 170 41 OSCAR
2756 4293 58 40 P.

1975 4369 101 40 The
2118 4380 130 38 saga
2290 4370 63 38 of
2391 4370 167 39 Sweet
2597 4371 197 39 Basil.
2876 4372 98 37 See
2046 4428 265 49 BROEKEL,
2358 4428 124 38 RAY.

1975 4494 238 46 Serving
2253 4490 64 38 in
2356 4489 95 37 the
2494 4486 164 38 Peace
2701 4483 193 45 Corps.
2977 4478 96 37 See

2046 4550 229 50 LAKLAN,
2322 4544 193 41 CARLI.

1972 4622 201 50 Shango
2215 4622 61 39 de
2316 4622 125 41 Ima.
2524 4620 96 40 See
2662 4619 231 51 CARRIL,
2938 4618 162 44 PEPE.

1960 4699 239 51 Shirley
2237 4702 293 40 Chisholm:
2581 4714 30 27 a
2649 4705 332 51 biography.
3065 4708 98 40 See

2029 4759 400 54 BROWNMILLER,
2477 4761 191 43 SUSAN.

1966 4847 100 41 The
2109 4849 162 39 shoes
2316 4851 132 39 from
2483 4851 136 52 Yang
2659 4854 100 39 San
2794 4855 231 49 Valley.

2038 4906 96 39 See
2171 4908 129 51 KIM,
2345 4909 136 39 YONG
2521 4909 89 41 IK.

1977 4978 234 49 Strange
2251 4986 229 40 voyage.
2563 4974 96 41 See
2700 4972 266 51 ORAISON,
3008 4968 164 44 MARC.

1972 5052 63 47 Up
2077 5051 135 38 from
2250 5050 225 39 Caesar:
2526 5058 28 30 a
2595 5059 202 38 survey
2836 5049 65 37 of
2941 5049 94 37 the

2041 5105 238 45 history
2318 5105 64 35 of
2425 5103 164 47 Italy
2629 5104 135 34 from
2804 5103 93 34 the
2942 5101 130 36 fall
3113 5100 64 38 of

2044 5161 95 38 the
2181 5159 166 39 Roman
2387 5157 200 49 Empire
2631 5159 60 38 to
2734 5158 94 38 the
2872 5156 268 48 collapse

2043 5218 64 38 of
2147 5216 261 40 fascism.
2491 5216 96 40 See
2627 5215 265 50 BERNARD,
2943 5215 133 39 JACK
3114 5214 54 42 F.

1969 5278 99 39 The
2107 5276 237 50 village
2386 5275 63 39 of
2484 5272 336 43 Viriatino.
2905 5273 96 39 See
3041 5271 197 53 BENET,
2042 5335 157 42 SULA.

1964 5409 98 40 The
2100 5403 307 43 wonderful
2452 5400 166 49 story
2657 5397 64 39 of
2758 5398 105 36 how
2896 5403 102 40 you
3035 5400 133 30 were

2033 5468 160 38 born.
2281 5464 93 39 See
2415 5457 335 52 GRUENBERG,
2798 5452 236 42 SIDONIE
2034 5524 264 40 MATSNER.

1903 5643 312 44 DOUBLEDAY
2251 5642 32 40 &
2325 5643 124 52 CO.,
2494 5640 124 44 INC.
2703 5638 95 41 See
1972 5705 211 40 ANIMAL
2219 5703 227 40 PARADE.

1966 5816 99 41 THE
2104 5815 204 42 GOSPEL
2346 5814 307 40 ACCORDING
2690 5814 66 39 TO
2797 5812 158 51 JOHN,
2035 5809 1133 105 XIII-XXI.

1954 5968 100 40 THE
2092 5964 309 43 JERUSALEM
2438 5962 191 41 BIBLE.

1957 6028 202 39 PSALMS
2201 6027 125 49 III,
2374 6023 259 48 101-150.

3400 607 309 42 DOUBLEDAY
3746 607 32 41 &
3818 607 126 52 CO.,
3992 604 124 44 INC.
4198 601 240 45 LAIDLAW
4475 599 198 53 BROS.,

3472 668 368 45 PUBLISHERS.
3922 667 99 42 See
4060 663 240 44 LAIDLAW
4336 662 160 44 BROS.
3472 730 368 41 PUBLISHERS.

3409 870 306 45 DOUBLEDAY
3757 874 33 39 &
3826 871 128 54 CO.,
4000 873 126 43 INC.
4205 869 242 46 LAIDLAW
4481 871 164 45 BROS.

3476 932 304 45 DIVISION.
3862 934 96 39 See
3997 932 242 42 LAIDLAW
4274 933 164 43 BROS.

3411 1059 312 45 DOUBLEDAY
3766 1049 259 64 (NELSON)
4071 1055 127 41 INC.

3481 1120 101 40 All
3624 1116 165 43 about
3832 1114 261 42 fabrics.
4211 1111 97 40 See
4348 1109 196 52 GAREY,
3554 1177 172 41 CAROL
3763 1176 228 40 COOPER.

3487 1259 209 50 Family
3733 1266 165 31 rooms
3940 1255 98 40 and
4080 1253 159 40 dens.
4320 1249 99 42 See
4457 1245 235 52 ABRAMS,
3561 1315 162 43 JANE.

3488 1387 98 39 The
3630 1385 304 50 finishing
3973 1385 194 40 touch.
4253 1385 95 40 See
4388 1384 266 52 DREXLER,
3559 1444 134 42 ROSE
3730 1444 228 42 KINSEY.

3475 1517 205 39 Garden
3721 1516 161 41 ideas
3921 1517 33 38 A
3994 1519 63 38 to
4096 1519 56 38 Z.
4237 1518 97 41 See
4370 1519 304 51 MCDONALD,
3544 1575 193 40 ELVIN.

3470 1647 101 40 The
3611 1648 166 50 great
3816 1647 403 52 playwrights.
4306 1649 96 41 See
4442 1649 239 41 BENTLEY
3543 1707 157 43 ERIC.

3469 1791 375 50 Landscaping
3883 1790 96 39 and
4024 1789 165 39 small
4228 1787 264 50 gardens.
4576 1786 96 40 See

3536 1850 198 51 DIETZ,
3776 1848 277 40 MARJORIE
4092 1848 55 39 J.

3477 1928 235 43 Outdoor
3753 1927 226 50 living.
4063 1928 97 40 See
4201 1926 230 52 HOLMES,
4474 1923 199 43 DAVID.

3476 2002 272 52 Planning
3785 2013 137 41 your
3958 2002 273 42 vacation
4269 2003 160 41 home.
4511 2002 100 39 See
3544 2062 198 55 HAGUE,
3782 2063 269 41 WILLIAM.

3478 2140 99 42 Sew
3619 2150 156 42 easy.
3859 2140 95 42 See
3994 2140 198 53 WEISS,
4239 2139 264 44 LILLIAN.

3476 2227 167 47 Using
3685 2225 96 38 the
3823 2221 270 46 creating
4135 2217 234 47 storage
4413 2221 190 40 space.

3548 2285 93 39 See
3682 2280 197 52 APPEL,
3923 2278 140 41 MARY
4099 2276 90 40 JO.

3417 2415 312 47 DOUBLEDAY
3772 2408 258 64 (NELSON)
4077 2417 127 45 INC.
4283 2414 99 47 See

3486 2478 338 47 ARGENTINA.

3483 2568 268 41 ARKANSAS
3794 2570 101 38 AND
3931 2569 299 42 MISSOURI.

3486 2641 204 43 ATOMIC
3728 2643 197 43 POWER.

3490 2715 264 46 BOLIVIA.

3487 2787 241 43 CENTRAL
3761 2793 267 43 AMERICA.

3485 2874 170 40 CRIME
3691 2872 336 43 DETECTION.

3485 2956 269 42 DIONYSOS
3790 2956 105 39 AND
3933 2956 103 39 THE
4072 2952 261 42 PIRATES.

3485 3039 263 44 GERMANY.

3487 3120 264 44 GRAVITY.

3488 3205 197 45 HAITI.

3489 3289 234 42 INDIANS
3765 3289 66 39 OF
3868 3289 102 39 THE
4006 3283 337 43 SOUTHWEST.

3499 3372 228 46 ISRAEL.

3501 3450 234 45 KANSAS.

3505 3525 239 43 MAGNETS
3781 3526 102 39 AND
3921 3524 334 41 MAGNETISM.

3509 3615 134 40 MAPS
3682 3614 104 41 AND
3820 3613 266 42 MAPPING.

3506 3696 103 41 THE
3640 3692 382 44 MISSISSIPPI
4060 3690 193 41 RIVER.

3505 3775 168 41 MUSIC
3713 3774 101 40 AND
3853 3772 405 42 ELECTRONICS.

3501 3846 274 44 NEBRASKA
3811 3847 103 40 AND
3954 3845 154 42 IOWA.

3508 3919 158 44 OHIO.

3513 4000 433 43 PENNSYLVANIA.

3509 4075 167 40 ROMAN
3715 4074 404 40 ARCHAEOLOGY.

3508 4159 132 42 SALT
3681 4160 133 41 LAKE
3856 4159 156 40 CITY.

3500 4240 133 42 SAND
3670 4239 101 44 AND
3808 4240 191 42 GLASS.

3506 4317 224 43 SWEDEN.

3506 4392 340 41 TELESCOPES
3886 4391 103 41 AND
4028 4390 469 41 OBSERVATORIES.

3509 4476 197 43 WALES.

3497 4565 310 42 WISCONSIN
3846 4564 103 39 AND
3982 4560 335 43 MINNESOTA.

3425 4711 233 51 DOUCHY,
3706 4708 264 51 THERESE,
4015 4704 197 52 pseud.
4294 4703 96 40 See

3496 4766 440 54 DZIEDUSZYCKA,
3982 4763 266 45 THERESE.

3419 4863 335 56 DOUDOROFF,
3796 4866 265 43 MICHAEL.

3489 4926 98 39 The
3625 4926 308 41 microbial
3970 4926 194 41 world.
4251 4927 96 41 See
4389 4928 262 51 STANIER,
3558 4984 170 40 ROGER
3763 4985 58 40 Y.

3442 5106 222 51 DOUGAL,
3707 5104 207 41 MERWIN
3950 5105 160 41 DEAN.

3506 5162 270 50 Physical
3818 5162 95 40 and
3953 5162 268 40 economic
4265 5160 235 42 factors
3575 5161 1166 99 associated

3745 5220 135 40 with
3922 5219 93 41 the
4058 5218 443 42 establishment
4543 5219 62 39 of
3577 5277 200 42 stream
3812 5278 172 41 water

4023 5276 239 52 quality
4303 5277 327 42 standards.
4714 5278 99 39 Ann
3573 5336 193 51 Arbor,
3814 5335 345 51 University

4192 5335 342 42 Microfilms
4576 5335 237 49 Library
3574 5394 296 41 Services.
3951 5392 334 42 Microfilm.

4378 5387 297 59 (Doctoral
3574 5451 410 42 dissertation
4026 5446 229 59 series)
4330 5451 38 39 ©
4399 5452 208 39 Merwin
4643 5452 137 39 Dean

3575 5510 226 51 Dougal;
3847 5510 265 49 31Aug70;
4161 5500 238 58 A184591.

3406 5653 264 51 DOUGALL,
3715 5653 242 40 HERBERT
3994 5656 51 38 E.

3474 5711 237 50 Capital
3752 5711 233 39 markets
4027 5711 98 38 and
4169 5709 430 42 institutions.

3548 5770 59 39 2d
3649 5769 87 41 ed.
3819 5770 306 47 Englewood
4167 5767 229 51 Cliffs,
4444 5768 159 50 N.J.,

3544 5826 468 42 Prentice-Hall.
4100 5827 98 45 172
4235 5837 53 38 p.
3544 5821 1169 102 (Prentice-Hall

3718 5884 371 39 foundations
4133 5884 63 38 of
4236 5883 234 40 finance
4514 5876 226 55 series)

3541 5940 37 39 ©
3614 5940 471 52 Prentice-Hall,
4133 5941 158 46 Inc.;
4337 5939 230 48 3Jun70;
3540 5991 268 55 A161427.
