5131 6560
472 402 95 53 980

433 625 201 55 OWENS,
676 626 163 46 JOHN.

502 689 100 42 The
640 688 237 52 majesty
919 687 65 41 of
1021 686 266 44 Natchez.
1368 686 99 42 See

572 746 200 54 SMITH,
813 747 164 44 REID.

422 860 197 49 OWENS,
663 861 138 39 JOHN
835 863 59 40 R.

494 917 338 43 California
871 920 272 50 politics
1183 923 101 41 and
1321 924 267 49 parties,
1635 925 66 49 by

558 977 136 43 John
733 980 57 42 R.
838 980 194 49 Owens,
1079 982 205 40 Edmond
1325 983 338 43 Costantini
1702 989 33 38 &

559 1035 168 41 Louis
765 1037 59 42 F.
868 1037 301 43 Weschler.
1252 1039 335 44 Macmillan.
1671 1034 97 58 338
1793 1051 54 41 p.

556 1095 40 42 ©
628 1096 308 43 Macmillan
977 1099 122 50 Co.;
1150 1099 262 52 23Feb70;
1462 1093 264 51 A160246.

442 1192 193 62 OWENS,
681 1198 159 49 NEAL.
925 1201 98 49 See

509 1259 92 42 THE
648 1261 136 44 YEAR
820 1264 138 43 BOOK
996 1267 64 41 OF
1097 1268 238 45 PLASTIC
1373 1272 104 44 AND
577 1272 1107 96 RECONSTRUCTIVE
922 1324 267 57 SURGERY,
1234 1331 160 50 1970.

424 1430 194 52 OWENS,
663 1430 205 40 ROBERT
905 1431 55 38 G.

493 1484 477 55 Organizational
1011 1483 274 42 behavior
1321 1483 67 41 in
1429 1478 258 46 schools.

562 1543 308 52 Englewood
907 1541 229 50 Cliffs,
1184 1543 162 49 N.J.,
1391 1538 305 43 Prentice-

561 1600 160 42 Hall.
805 1592 98 47 246
940 1609 56 40 p.
1077 1599 40 39 ©
1150 1595 471 49 Prentice-Hall,
562 1658 160 49 Inc.;
767 1655 233 50 5Jan70;
1042 1653 265 49 A120711.

416 1748 195 54 OWENS,
656 1751 56 40 T.
761 1751 55 41 C.

484 1805 200 44 Stress
724 1807 204 43 around
967 1817 25 32 a
1033 1809 302 42 wellbore.
1420 1813 97 40 See

553 1866 240 44 SOCIETY
830 1868 65 42 OF
933 1868 313 44 PETROLEUM
1279 1870 309 42 ENGINEERS
1627 1872 68 41 OF

549 1925 163 43 AIME.
794 1927 194 52 Paper.
1069 1927 209 44 No.SPE
1312 1924 162 53 2557.

436 2019 195 51 OWENS,
675 2018 244 44 WILLIAM
955 2019 57 44 A.

504 2078 135 43 Look
679 2078 65 40 to
782 2078 96 41 the
921 2078 195 41 river.
1198 2075 237 51 Adapted
1473 2076 69 50 by
1580 2077 101 49 Ray
1718 2075 58 43 L.

572 2137 302 45 Trautman.
956 2138 270 49 Drawings
1264 2136 71 49 by
1372 2135 134 42 Ferd
1547 2133 263 44 Sondern.

573 2197 102 42 New
712 2196 160 52 York,
920 2193 405 47 McGraw-Hill.
1408 2192 63 51 92
1511 2203 57 40 p.
581 2245 268 63 (Reading
889 2255 168 42 shelf
1096 2243 93 63 II)
1265 2252 41 42 ©
1340 2263 63 33 on
1441 2252 237 51 adapted
574 2314 267 50 version;
886 2313 404 51 McGraw-Hill,
1340 2314 159 49 Inc.;
1546 2311 231 51 2Jan70;

575 2373 267 52 A127955.

437 2484 230 53 OWNBEY,
716 2486 167 41 JENNA
919 2486 63 44 V.

508 2542 403 44 Cloud-moods.
993 2543 101 40 San
1129 2542 270 52 Antonio,
1445 2542 205 53 Naylor
1693 2544 88 41 Co.

577 2592 96 56 194
716 2609 56 41 p.
856 2599 270 43 Portions
1169 2600 65 40 of
1277 2600 126 42 this
1447 2600 136 40 book

577 2656 126 50 pub.
748 2659 174 38 under
964 2657 92 40 the
1104 2656 160 41 title
1312 2654 435 44 Cloud-trails.

574 2713 95 43 NM:
718 2711 342 45 additional
1100 2721 164 44 poems
1306 2714 34 39 &
1378 2712 307 43 editorial

578 2769 300 44 revision.
953 2771 41 40 ©
1028 2772 170 42 Jenna
1230 2772 65 40 V.
1342 2772 232 50 Ownbey;

578 2819 230 57 1Dec69;
852 2816 269 54 A118146.

501 2896 205 43 Fate's
748 2898 162 42 brew.
991 2897 206 43 Oliver
1238 2900 89 40 Co.
1408 2897 98 43 204
1549 2909 57 42 p.
568 2955 39 41 ©
643 2957 167 42 Jenna
846 2957 63 42 V.
956 2957 232 52 Ownbey;
1238 2949 263 59 10Dec69;
570 3004 269 60 A118145.

430 3131 159 53 OWRE,
637 3135 57 43 J.
740 3137 163 45 RIIS.

499 3190 96 41 The
637 3194 205 50 making
880 3197 63 39 of
982 3207 66 32 an
1085 3201 300 44 American.
1468 3209 98 40 See

565 3250 161 55 RIIS,
775 3254 171 43 JACOB
979 3257 61 45 A.

429 3363 232 53 OWSLEY,
703 3361 173 46 FRANK
913 3366 94 50 L.,
1051 3365 92 41 JR.

493 3419 102 43 The
637 3421 168 41 Creek
841 3423 101 39 War
984 3422 64 41 of
1090 3412 128 58 1813
1259 3422 98 42 and
1435 3413 123 50 1814.
1641 3422 97 41 See

567 3478 267 52 HALBERT,
875 3482 62 39 H.
983 3480 56 42 S.

436 3590 301 55 OXENHORN,
784 3592 206 42 JOSEPH
1022 3594 57 43 M.

505 3650 311 51 Chemistry
853 3653 65 39 of
953 3653 230 42 metals.
1268 3652 200 43 Edited
1510 3655 69 47 by
1615 3654 168 41 Peter

575 3708 332 45 Greenleaf.
991 3710 101 42 New
1130 3709 161 52 York,
1339 3709 165 44 Globe
1544 3709 136 43 Book
1720 3709 87 45 Co.
577 3762 92 40 177
715 3770 26 34 P.
861 3760 297 49 (Pathways
1202 3764 63 32 In
1306 3763 260 34 science.
577 3809 335 53 Chemistry,
956 3805 62 61 3)
1093 3812 41 42 ©
1165 3811 168 43 Globe
1375 3812 134 42 Book
1547 3811 125 52 Co.,
579 3868 158 49 Inc.;
786 3862 229 55 6Feb70;
1061 3859 263 57 A127800.

511 3930 102 39 Man
650 3928 101 40 and
790 3935 206 41 energy
1034 3927 65 40 in
1140 3935 214 42 space.
1414 3925 204 41 Edited
1655 3924 68 48 by

583 3984 168 42 Peter
790 3981 333 46 Greenleaf.
1206 3983 103 40 New
1345 3981 160 51 York,
1553 3979 167 44 Globe

582 4042 136 42 Book
757 4043 90 41 Co.
930 4031 100 51 184
1065 4051 58 40 p.
1214 4035 297 60 (Pathways
1554 4040 65 39 in

583 4099 264 43 science.
928 4098 171 44 Earth
1139 4098 262 51 science,
1446 4094 60 60 3)
1578 4096 40 41 ©
1657 4096 167 41 Globe

581 4159 137 43 Book
756 4160 124 50 Co.,
931 4161 157 47 Inc.;
1138 4157 262 51 27Mar70;
1446 4145 265 61 A143076.

493 4231 94 41 The
626 4229 135 42 next
800 4225 367 55 generation.
1246 4223 207 44 Edited
1490 4224 70 49 by
1597 4222 168 43 Peter

558 4286 334 46 Greenleaf.
972 4288 103 40 New
1111 4286 162 49 York,
1318 4282 168 44 Globe
1525 4282 135 42 Book

560 4346 90 42 Co.
736 4336 94 49 182
869 4357 58 39 p.
1018 4338 296 61 (Pathways
1355 4341 67 41 in
1462 4340 258 41 science.

561 4402 265 52 Biology,
868 4397 63 60 3)
1005 4403 40 40 ©
1077 4400 167 43 Globe
1288 4400 133 42 Book
1459 4399 126 50 Co.,
1633 4398 158 49 Inc.;
559 4460 266 53 30Mar70;
871 4452 264 59 A143077.

512 4530 164 42 Sound
718 4530 96 41 and
856 4529 191 51 light.
1130 4529 202 41 Edited
1373 4529 69 49 by
1480 4528 165 41 Peter

580 4586 330 43 Greenleaf.
995 4588 100 39 New
1133 4586 160 48 York,
1340 4585 166 40 Globe
1548 4585 133 40 Book
1721 4583 88 42 Co.

582 4643 99 54 179
719 4656 53 42 p.
865 4638 294 64 (Pathways
1205 4643 62 43 in
1309 4642 258 44 science.
582 4704 263 53 Physics,
889 4698 62 59 3)
1026 4705 40 39 ©
1098 4705 166 40 Globe
1307 4704 134 39 Book
1479 4703 125 49 Co.,
1653 4703 158 47 Inc.;
583 4763 261 49 10Feb70;
889 4754 262 56 A127801.

446 4862 202 46 OXFORD
686 4865 137 43 BOOK
859 4867 128 55 CO.,
1033 4867 126 46 INC.

513 4924 340 53 Integrated
893 4927 297 50 geometry.
1274 4930 97 39 See
1411 4930 231 52 NEWMAN,

583 4981 204 42 CLAIRE
820 4984 62 42 M.

494 5047 315 51 Mastering
845 5046 266 54 Spanish.
1192 5049 98 41 See
1332 5044 230 54 CADOUX,

566 5104 269 48 REMUNDA.

476 5174 210 43 Modern
725 5173 340 51 laboratory
1104 5182 238 43 program
1381 5172 65 41 In
1481 5170 267 50 biology.
553 5237 94 40 See
691 5233 261 52 CHARNEY,
1003 5234 54 45 S.
1102 5233 60 46 I.

484 5303 68 40 El
589 5301 172 40 mundo
802 5296 332 52 hispanico.
1214 5294 98 39 See
1354 5291 195 50 CABAT,
556 5358 196 44 LOUIS.

494 5422 101 40 New
631 5421 275 51 building
938 5421 137 41 word
1115 5431 195 40 power.
1396 5423 96 39 See
1533 5421 197 53 ORGEL,

563 5480 207 42 JOSEPH
804 5481 58 41 R.

490 5549 98 39 Our
629 5543 364 45 California.
1078 5542 96 39 See
1213 5537 267 52 PETTEYS,
556 5601 276 45 MANVILLE
868 5600 57 43 R.

482 5671 349 48 Vocabulary
867 5662 298 49 workshop.
1247 5655 99 42 See
1387 5649 266 46 SHOSTAK,

557 5730 230 47 JEROME.

448 5827 207 47 OXFORD
688 5827 349 45 UNIVERSITY
1072 5824 198 46 PRESS.

519 5890 168 44 Blake
731 5887 261 44 records.
1075 5886 98 41 See
1212 5885 268 53 BENTLEY,
589 5948 58 42 G.
693 5947 93 51 E.,
832 5946 93 41 JR.

482 6023 383 41 Bureaucracy
900 6014 103 39 and
1042 6009 206 44 Church
1283 6007 230 41 reform.
1596 6005 97 39 See

554 6071 301 54 THOMPSON,
899 6066 245 47 KENNETH
1178 6062 62 48 A.

2038 631 270 43 Chemical
2349 631 331 42 evolution.
2764 632 97 40 See
2902 630 231 51 CALVIN,

2102 690 233 43 MELVIN.

2031 749 199 43 Dirk's
2269 748 209 42 wooden
2513 750 196 48 clogs.
2792 748 98 42 See
2929 745 268 54 FENNEMA,

2101 807 194 44 ILONA.

2008 875 71 40 An
2112 875 243 43 XVIIIth
2392 875 239 48 century
2666 874 242 41 Russian
2943 874 228 38 reader.
2081 934 98 41 See
2218 932 198 55 DRAGE,
2461 934 54 41 C.
2563 934 57 41 L.

2034 994 242 52 English
2311 994 102 43 and
2448 995 279 44 American
2765 997 197 52 judges
3004 1004 67 34 as
2101 997 1110 106 lawmakers.
2416 1056 99 43 See
2555 1054 197 59 JAFFE,
2794 1056 169 46 LOUIS
3001 1058 61 47 L.

2026 1121 98 43 The
2165 1122 305 53 enjoyment
2512 1126 64 41 of
2615 1136 195 42 opera.
2893 1130 95 43 See
3023 1130 200 54 BLYTH,

2095 1182 162 48 ALAN.

2047 1250 408 52 Experimental
2491 1253 169 42 music
2704 1255 63 41 in
2807 1255 260 44 schools.
3151 1257 96 42 See

2116 1310 232 51 DENNIS,
2390 1311 194 43 BRIAN.

2036 1375 203 42 French
2279 1377 373 44 Renaissance
2693 1382 228 51 comedy,
2968 1374 335 61 1552-1630.
2108 1434 95 39 See
2242 1434 266 53 JEFFERY,
2549 1436 202 48 BRIAN.

2013 1495 276 44 Handbook
2327 1498 65 40 of
2428 1499 98 40 the
2563 1501 172 41 birds
2776 1504 63 40 of
2879 1505 167 42 India
3083 1508 101 39 and

2085 1555 295 41 Pakistan.
2464 1560 96 39 See
2598 1561 132 52 ALI,
2774 1563 192 42 SALIM.

2048 1609 269 52 Ignatius
2356 1611 99 41 his
2497 1614 299 42 conclave.
2877 1616 98 39 See
3012 1617 199 52 DONNE,

2117 1668 161 43 JOHN.

2044 1717 138 44 John
2215 1720 198 41 Donne.
2494 1721 98 41 See
2633 1724 161 51 BALD,
2883 1751 15 15 R.
2988 1752 14 14 C.
2023 1775 135 51 King
2197 1778 400 48 Thrushbeard.
2680 1789 97 40 See
2816 1793 197 50 GRIMM,
2091 1833 169 46 JAKOB
2297 1839 206 45 LUDWIG
2539 1844 163 47 KARL.

2017 1894 98 40 The
2158 1897 131 41 land
2329 1901 66 41 of
2434 1904 89 44 Ur.
2606 1910 97 42 See
2742 1913 264 56 BAUMANN,
3052 1921 162 48 HANS.

2020 1953 267 45 Letters.
2371 1960 95 42 See
2505 1964 299 56 MEREDITH,
2851 1971 230 47 GEORGE.

2042 2016 265 47 Letters.
2389 2024 98 44 See
2528 2027 195 57 PATER,
2766 2035 232 47 WALTER.

2066 2086 197 45 Poems.
2344 2091 98 42 See
2482 2093 264 54 SKELTON,
2792 2102 161 48 JOHN.

2041 2144 238 51 Popular
2320 2149 236 47 fiction
2591 2157 204 46 before
2830 2164 370 53 Richardson.
2107 2203 99 43 See
2242 2207 301 63 RICHETTI,
2593 2218 137 46 JOHN
2765 2223 56 48 J.

2038 2267 98 43 The
2173 2274 381 59 possibility
2591 2284 67 40 of
2693 2287 298 50 altruism.
3073 2298 99 41 See

2104 2328 195 62 NAGEL,
2346 2337 231 52 THOMAS.

2058 2398 241 50 Quantum
2330 2405 308 43 mechanics
2680 2410 66 40 of
2777 2410 314 45 molecular
3130 2417 131 39 rate

2123 2469 336 43 processes.
2541 2466 99 43 See
2679 2468 229 57 LEVINE,

2126 2522 242 43 RAPHAEL
2399 2525 62 45 D.

2065 2580 477 47 Revolutionists
2584 2589 66 41 in
2686 2591 229 46 London.
2996 2597 100 42 See

2134 2641 195 54 HULSE,
2376 2644 167 41 JAMES
2578 2648 63 42 W.

2030 2697 134 42 Rosa
2206 2702 329 54 Luxemburg.
2617 2708 99 42 See
2752 2710 200 55 NETTL,
2995 2715 57 41 J.
3100 2717 56 41 P.
2019 2762 100 40 The
2160 2765 238 52 Society
2437 2769 64 41 of
2540 2771 98 42 the
2674 2775 209 42 Muslim
2919 2780 298 45 Brothers.
2089 2821 96 40 See
2224 2823 301 56 MITCHELL,
2570 2831 241 42 RICHARD
2851 2836 55 42 P.

2026 2890 375 42 Variational
2439 2893 340 52 principles
2822 2897 64 39 in
2922 2897 134 40 heat
2095 2893 1168 102 transfer.
2302 2949 98 44 See
2440 2951 162 54 BIOT,
2644 2952 240 44 MAURICE
2920 2955 58 43 A.

2046 3011 245 41 William
2323 3013 165 51 King,
2533 3016 137 49 Tory
2708 3017 100 39 and
2845 3017 297 42 Jacobite.
2119 3070 97 40 See
2257 3070 335 56 GREENWOOD,
2635 3074 199 43 DAVID.

2007 3126 98 39 The
2147 3128 166 50 Young
2353 3131 193 43 Turks.
2630 3135 97 40 See
2764 3136 198 52 AHMAD,
3010 3141 194 43 FEROZ.

1961 3245 202 44 OXFORD
2201 3247 342 44 UNIVERSITY
2581 3251 191 43 PRESS.
2856 3251 99 43 See

2028 3304 275 46 CHAN-KUO
2338 3308 158 45 TS'E.

1962 3421 203 41 OXFORD
2201 3419 344 48 UNIVERSITY
2581 3426 193 44 PRESS.
2857 3425 330 50 DELEGATES.
2030 3481 95 42 See
2027 3539 101 42 THE
2164 3541 105 40 NEW
2302 3542 246 42 ENGLISH
2578 3545 195 44 BIBLE.

1933 3657 204 42 OXFORD
2173 3661 347 43 UNIVERSITY
2556 3665 193 51 PRESS,
2797 3669 125 41 INC.

2000 3713 275 47 American
2311 3719 340 46 Government
2692 3726 95 39 and
2827 3728 306 48 political
2071 3773 226 42 change.
2381 3774 96 34 See
2518 3776 228 47 NELSON,
2793 3778 240 38 WILLIAM
3067 3783 93 46 R.,
3209 3782 92 38 ed.

1999 3830 167 42 L'art
2206 3832 64 41 de
2309 3832 203 42 Michel
2551 3835 195 42 Butor.
2828 3839 99 38 See
2964 3840 166 39 BOOK-

2068 3887 333 54 SENNINGER,
2448 3889 229 45 CLAUDE.

2004 3961 236 52 Biology
2285 3965 95 40 and
2425 3966 93 41 the
2561 3967 199 43 future
2801 3970 62 41 of
2904 3983 123 30 man.
3111 3976 96 41 See

2073 4020 265 57 HANDLER,
2386 4026 228 53 PHILIP,
2662 4029 90 41 ed.

2009 4087 272 45 Children
2318 4091 99 42 and
2455 4093 403 46 adolescents.
2941 4097 96 43 See

2074 4149 231 53 ELKIND,
2350 4152 199 46 DAVID.

1976 4221 336 42 Children's
2355 4233 193 42 games.
2632 4227 97 41 See
2769 4229 160 53 OPIE,
2975 4230 158 45 IONA.

1996 4289 306 45 Classical
2341 4292 193 42 China.
2618 4295 97 42 See
2752 4297 270 54 MCNEILL,
2061 4351 244 43 WILLIAM
2338 4355 57 39 H.

1999 4413 306 44 Classical
2343 4415 195 45 India.
2622 4420 98 40 See
2756 4420 268 55 MCNEILL,
2063 4471 248 46 WILLIAM
2344 4475 57 42 H.

2020 4532 99 44 The
2162 4533 272 42 colonial
2472 4535 271 51 heritage
2783 4537 64 40 of
2887 4537 169 44 Latin

2089 4589 266 43 America.
2437 4595 97 38 See
2575 4595 196 54 STEIN,
2816 4595 242 43 STANLEY
3094 4599 57 41 J.

2033 4657 374 53 Comparative
2450 4660 269 53 judicial
2758 4662 299 46 behavior.
3138 4669 99 40 See

2101 4719 300 56 SCHUBERT,
2446 4721 267 47 GLENDON.

2020 4788 310 43 Gentlemen
2369 4790 64 41 of
2468 4793 278 51 property
2781 4793 100 43 and
2921 4797 296 51 standing.
2090 4847 98 39 See
2224 4846 305 56 RICHARDS,
2572 4851 240 42 LEONARD
2850 4855 58 43 L.

2018 4901 99 42 The
2158 4906 206 47 growth
2401 4909 97 36 and
2539 4909 234 40 culture
2815 4913 66 36 of
2917 4914 169 40 Latin

2087 4959 265 46 America.
2433 4964 97 40 See
2569 4967 336 56 WORCESTER,
2949 4971 205 42 DONALD
3191 4975 60 43 E.

2008 5018 275 51 Heredity
2319 5021 101 40 and
2457 5023 400 42 achievement.
2938 5027 101 39 See

2076 5078 301 52 ROBINSON,
2419 5080 215 41 DANIEL
2662 5082 94 50 N.,
2803 5083 87 39 ed.

1997 5144 173 42 Human
2208 5142 227 52 rights,
2482 5143 98 41 the
2617 5142 206 43 United
2859 5143 231 50 States,
3137 5142 98 40 and

2066 5201 170 43 world
2275 5201 332 52 community.
2687 5202 99 41 See
2822 5201 106 42 VAN
2962 5201 164 54 DYKE,

2065 5260 233 44 VERNON.

2003 5327 338 45 Industrial
2380 5330 236 53 slavery
2660 5333 62 42 in
2764 5335 87 40 the
2899 5337 96 42 Old
3037 5338 192 43 South.
2070 5388 96 40 See
2207 5387 299 55 STAROBIN,
2551 5391 208 42 ROBERT
2795 5393 56 45 S.

2011 5447 199 41 Issues
2254 5450 60 40 in
2350 5451 276 45 American
2668 5459 331 45 education.
3080 5466 98 41 See

2076 5505 196 56 KROLL,
2316 5510 208 43 ARTHUR
2558 5516 94 52 M.,
2699 5517 90 41 ed.

2004 5570 99 42 The
2145 5573 128 49 jazz
2318 5575 329 44 tradition.
2730 5581 96 42 See
2864 5585 298 51 WILLIAMS,

2071 5627 231 48 MARTIN.

2017 5697 234 53 Leading
2293 5698 198 40 issues
2533 5696 65 41 in
2638 5695 268 42 economic
2081 5692 1099 115 development.
2325 5760 100 41 See
2461 5758 201 54 MEIER,
2705 5757 202 45 GERALD
2944 5759 36 41 M

2000 5834 439 55 Liebesspiele.
2520 5843 98 40 See
2659 5845 193 51 SOBEL,
2898 5849 127 43 EIL.

1999 5900 97 43 The
2140 5900 130 41 life
2309 5899 101 43 and
2449 5899 234 43 decline
2725 5900 63 41 of
2830 5900 95 42 the
2966 5900 270 45 American

2068 5957 300 42 railroad.
2448 5958 99 41 See
2587 5958 229 56 STOVER,
2863 5960 135 40 JOHN
3033 5960 60 43 F.

2012 6023 273 48 Literary
2320 6026 240 47 English
2599 6028 166 38 since
2806 6029 400 48 Shakespeare.

2082 6078 97 41 See
2215 6079 235 53 WATSON,
2493 6080 232 54 GEORGE,
2771 6083 89 41 ed.

3541 631 37 43 A
3611 632 203 44 little
3854 628 435 54 Commonwealth.
4370 628 99 43 See
4508 627 195 53 DEMOS,

3612 691 162 44 JOHN.

3539 752 160 43 Miau.
3781 753 98 40 See
3922 753 162 41 PEREZ
4124 753 234 52 GALDOS,
4404 755 225 42 BENITO.

3533 807 95 42 The
3669 811 103 41 New
3807 813 136 41 York
3981 814 229 51 police.
4293 820 97 42 See
4431 822 364 53 RICHARDSON,

3601 868 167 41 JAMES
3807 874 58 39 F.

3522 924 306 46 Political
3870 927 471 46 socialization.
4423 933 96 40 See

3589 985 266 57 LANGTON,
3901 989 240 41 KENNETH
4179 991 58 42 P.

3522 1042 166 42 Power
3728 1046 98 40 and
3864 1050 265 51 poverty.
4211 1051 100 42 See
4348 1053 297 57 BACHRACH,
3591 1104 193 45 PETER.

3567 1167 373 52 Psychiatric
3985 1170 365 54 dictionary.
4429 1174 98 41 See
4567 1176 233 55 HINSIE,

3637 1228 204 43 LELAND
3880 1231 57 42 E.

3513 1288 98 44 The
3652 1290 239 50 quantum
3926 1291 342 52 physicists
4305 1293 100 40 and
4440 1302 69 30 an
3581 1289 1138 105 introduction
3858 1351 64 39 to
3961 1350 167 43 their
4167 1351 262 52 physics.
4512 1353 100 42 See

3583 1411 264 51 CROPPER,
3888 1413 246 40 WILLIAM
4166 1414 56 38 H.

3538 1464 270 50 Readings
3851 1465 67 39 in
3954 1464 169 40 world
4159 1464 299 50 politics.
4542 1466 97 39 See

3608 1522 267 54 GOLDWIN,
3919 1523 204 41 ROBERT
4161 1521 93 51 A.,
4300 1522 93 41 ed.

3534 1581 102 42 The
3675 1584 134 38 rise
3851 1584 62 38 of
3948 1585 138 38 modern
4193 1584 193 40 China.
4471 1586 98 39 See

3606 1641 124 49 HSÜ,
3783 1638 268 43 IMMANUEL
4090 1639 54 41 C.
4192 1641 57 40 Y.

3528 1699 94 42 The
3666 1702 375 52 Segregation
4078 1710 125 46 Era,
4257 1703 331 59 1863-1954.
4663 1717 99 41 See

3594 1759 332 54 WEINSTEIN,
3974 1765 197 47 ALLEN.

3523 1817 35 42 A
3598 1821 164 41 short
3804 1825 409 47 introduction
4257 1834 60 42 to
4362 1837 92 41 the
4494 1839 234 54 history

3594 1881 99 40 and
3732 1883 271 50 politics
4047 1890 63 39 of
4150 1893 305 43 Southeast
4491 1899 160 43 Asia.
3594 1939 97 42 See
3728 1941 199 60 ALLEN,
3975 1949 266 48 RICHARD.

3531 2007 241 54 Society
3808 2011 98 41 and
3949 2013 270 42 economic
4256 2016 230 49 growth.
4567 2019 99 40 See

3597 2067 234 55 KUNKEL,
3876 2071 138 41 JOHN
4050 2073 57 43 H.

3516 2132 99 41 The
3661 2134 165 51 story
3868 2136 63 39 of
3973 2136 95 41 the
4108 2137 99 39 New
4315 2137 168 51 English
4521 2136 198 51 Bible,

3588 2193 66 51 by
3691 2193 204 43 Oxford
3934 2194 339 53 University
4318 2197 165 41 Press

3592 2251 32 41 &
3661 2253 303 52 Cambridge
4005 2254 342 52 University
4389 2256 194 43 Press.
3591 2304 62 49 16
3693 2323 58 41 p.
3831 2313 39 40 ©
3901 2314 203 42 Oxford
4143 2315 342 50 University
4526 2317 193 48 Press,

3589 2373 128 43 Inc.
3765 2372 33 41 &
3834 2373 303 52 Cambridge
4177 2373 342 51 University
4562 2374 191 50 Press;

3592 2432 225 50 1Jan70;
3867 2424 265 58 A132611.

3542 2502 158 49 Style.
3783 2506 97 41 See
3918 2508 268 52 EASTMAN,
4233 2510 238 41 RICHARD
4506 2514 56 39 M.
3514 2559 271 44 Survival
3826 2562 239 51 through
4102 2565 230 50 design.
4413 2569 96 39 See
4549 2569 231 56 NEUTRA,

3580 2619 266 43 RICHARD.

3525 2679 237 49 Symbols
3802 2682 99 37 and
3943 2681 201 39 social
4186 2682 224 49 theory.
4492 2683 98 40 See

3594 2737 231 54 DUNCAN,
3871 2739 138 39 HUGH
4046 2740 262 42 DALZIEL.

3505 2796 273 51 Teaching
3814 2800 139 50 high
3993 2802 200 42 school
4236 2806 396 51 composition.
3574 2855 98 40 See
3714 2857 162 54 TATE,
3921 2859 159 43 GARY.

3499 2922 200 42 Thomas
3743 2924 309 42 Jefferson
4090 2928 98 39 and
4230 2928 94 40 the
4366 2938 99 30 new
4504 2930 227 42 nation.
3570 2983 94 40 See
3708 2982 299 54 PETERSON,
4053 2986 242 42 MERRILL
4330 2988 57 40 D.

3510 3040 237 51 Thought
3787 3043 101 41 and
3924 3044 313 43 behaviour
4278 3049 64 39 in
4376 3050 133 40 modern
3579 3050 1137 93 Japanese
3786 3101 303 51 politics.
4170 3108 99 39 See
4305 3108 300 54 MARUYAMA,
3576 3156 198 43 MASAO.

3533 3215 194 43 Yeats.
3811 3222 99 40 See
3949 3222 195 55 BLOOM,
4190 3222 234 48 HAROLD.

3467 3344 194 55 OXNAM,
3711 3351 201 45 ROBERT
3948 3357 267 48 BROMLEY.

3537 3405 267 48 Policies
3846 3415 96 38 and
3987 3417 411 48 factionalism
4440 3427 63 40 in
4543 3430 93 39 the
3606 3468 130 43 Oboi
3778 3472 260 55 Regency,
4092 3472 331 59 1661-1669.
4507 3489 98 40 Ann
4644 3492 190 52 Arbor,

3600 3529 346 54 University
3981 3536 342 47 Microfilms
4366 3544 239 54 Library

3602 3587 296 47 Services.
3982 3595 335 49 Microfilm.
4407 3594 295 61 (Doctoral

3601 3646 411 48 dissertation
4053 3651 231 58 series)
4360 3661 40 39 ©
4435 3666 198 40 Robert

3597 3705 241 55 Bromley
3878 3709 193 54 Oxnam;
4120 3714 264 54 27Feb70;
4433 3715 261 56 A143364.

3460 3848 135 38 OYER
3633 3849 417 40 PROFESSIONAL
4086 3853 274 38 COMPUTER
4401 3855 297 49 SERVICES,
3564 3904 91 42 NC.

3529 3960 274 52 Computer
3840 3963 348 51 unbundling
4222 3965 234 50 manual;
4506 3976 64 31 an
3600 4018 275 51 industry
3912 4020 202 52 report
4157 4022 97 40 and
4294 4023 272 42 forecast
4605 4035 66 30 on
4709 4026 97 41 the

3594 4077 171 51 price
3808 4080 99 39 and
3948 4080 201 50 impact
4189 4080 66 40 of
4294 4083 272 50 computer
3597 4089 1074 103 unbundling.
3981 4139 27 40 1
4048 4150 57 32 v.
4183 4140 39 40 ©
4258 4141 134 51 Oyer
4429 4143 411 43 Professional

3597 4195 274 47 Computer
3911 4197 299 52 Services,
4261 4200 158 51 Inc.;
4469 4201 259 53 27Jan70;

3595 4245 267 58 A144149.

3454 4418 192 53 OYLER,
3697 4418 206 41 DONALD
3940 4419 57 39 G.
4080 4419 97 39 See
3519 4476 173 44 ADAMS
3732 4478 207 43 COUNTY
3972 4477 175 43 LEGAL
4183 4478 267 43 JOURNAL.

3457 4594 164 50 OYONO,
3667 4594 332 41 FERDINAND.

3489 4650 105 52 Boy!
3700 4650 339 45 Translated
4086 4651 132 42 from
4257 4652 97 41 the
4396 4653 200 43 French
4635 4654 67 50 by

3561 4713 136 39 John
3737 4712 158 41 Reed.
3976 4712 137 40 With
4153 4722 64 30 an
4259 4712 225 43 introd.
4529 4714 71 50 by

3561 4771 167 38 Edris
3769 4770 264 43 Makward.
4117 4770 239 42 Collier
4430 4773 157 41 Books.
3565 4819 94 46 144
3699 4834 57 40 p.
3845 4816 579 61 (African/American
4465 4819 265 59 library)

3562 4882 343 50 Originally
3940 4883 126 48 pub.
4118 4884 64 38 in
4220 4883 228 47 France,
4532 4877 125 54 1960,
4705 4894 63 30 as

3559 4940 99 39 Une
3699 4940 98 38 vie
3838 4939 63 38 de
3940 4938 103 50 boy
4116 4931 125 54 1960;
4291 4940 129 39 this
3562 4936 1136 101 translation
3738 4995 163 39 first
3940 4996 127 47 pub.
4118 4997 64 36 in
4219 4994 263 49 England,
4532 4988 159 54 1966,

3561 5060 62 31 as
3664 5050 299 50 Houseboy.
4044 5051 93 40 NM:
4187 5050 226 43 introd.
4494 5049 39 40 ©
3559 5048 1103 104 Macmillan
3805 5109 124 46 Co.;
3978 5107 264 48 27Feb70;
4291 5104 261 52 A135091.

3512 5199 106 52 OZARK
3649 5200 282 50 RESEARCH
3964 5197 370 55 ASSOCIATES.

3515 5263 99 46 Off
3654 5264 97 42 the
3789 5263 215 43 beaten,
4030 5263 142 52 path
4209 5261 65 43 in
4314 5262 95 42 the
4450 5261 228 45 Ozarks.
3583 5323 98 42 See
3719 5321 304 54 RAFFERTY,
4067 5321 209 43 MILTON
4309 5322 61 44 D.

3448 5419 103 48 THE
3589 5418 201 48 OZARKS
3827 5418 408 52 MOUNTAINEER.

3519 5480 98 43 The
3658 5480 200 43 Ozarks
3897 5479 382 43 mountaineer
4313 5480 242 53 pioneer
3586 5479 1143 104 cookbook.
3831 5538 97 41 See
3968 5534 301 58 STRATTON,
4313 5537 140 43 EULA
4486 5537 129 48 MAE.

3429 5654 298 54 OZBEKHAN,
3773 5653 198 49 HASAN.

3493 5715 278 45 Business
3808 5714 100 42 and
3946 5710 342 57 government
4330 5709 132 52 long
4504 5715 165 44 range

3568 5776 299 52 planning:
3915 5772 264 52 Impacts,
4225 5769 300 55 problems,
3569 5772 1175 108 opportunities.
3952 5834 93 42 See
4090 5830 305 44 SYMPOSIUM
4433 5828 68 42 ON
3567 5824 1109 125 PLANNING,
3777 5891 160 51 11TH,
3984 5890 101 43 LOS
4122 5888 266 51 ANGELES,
4438 5877 158 59 1968.

3421 5996 232 54 OZEROV,
3696 5995 208 45 RUSLAN
3940 6002 54 38 P.

3487 6052 272 50 Magnetic
3799 6053 244 41 neutron
4078 6054 402 42 diffraction.
4564 6057 97 41 See

3562 6113 264 51 IZYUMOV,
3870 6113 170 41 YURII
4076 6112 59 40 A.
