5053 6852
2593 6049 125 38 2810

395 734 368 41 Association
802 736 306 38 Committee
1148 745 61 28 on
1249 734 338 48 Continuing

398 792 401 40 Professional
843 792 322 38 Education.
1253 793 93 37 242
1393 803 51 34 p.
1540 794 246 43 (ALI—ABA

394 861 197 29 course
637 851 54 38 of
739 851 180 51 study)
1015 851 146 45 Appl.
1214 860 92 30 au:
1354 850 264 39 American
1660 854 92 34 Law

397 908 322 45 Institute,
772 907 268 49 employer
1084 908 93 39 for
1222 908 145 39 hire.
1456 908 154 46 Appl.

397 970 201 35 states
633 965 304 47 copyright
975 969 96 35 not
1108 964 237 40 claimed
1384 964 62 40 in
1489 974 96 36 any

400 1022 1315 39 material taken from U.S. Govt. sources.
393 1079 29 39 ©
469 1076 261 42 American
770 1082 97 36 Law
916 1077 318 45 Institute;
1325 1078 257 43 14Nov75;
465 1136 191 39 A803249.

466 1306 433 44 Partnerships:
945 1310 123 42 UPA,
1111 1310 159 42 ULPA,
1316 1305 363 47 securities,

394 1363 294 46 taxation,
743 1364 91 38 and
880 1364 355 44 bankruptcy;
1288 1364 165 43 study
1496 1362 323 40 materials.

394 1420 199 39 Issued
635 1421 69 45 by
741 1419 262 39 American
1044 1423 97 35 Law
1187 1418 602 41 Institute-American

394 1480 96 35 Bar
534 1476 373 40 Association
943 1475 304 41 Committee
1283 1486 60 28 on
1388 1475 337 47 Continuing

396 1533 405 39 Professional
844 1532 324 40 Education.
1258 1534 93 37 408
1394 1544 55 34 p.
1539 1535 250 43 (All-ABA

390 1601 200 30 course
634 1591 57 39 of
739 1591 182 47 study)
1017 1591 147 46 Appl.
1216 1601 92 30 au:
1356 1589 265 41 American
1660 1594 93 36 Law

397 1647 323 47 Institute,
770 1648 272 46 employer
1085 1649 94 39 for
1225 1647 125 41 hire.
1458 1648 154 46 Appl.

394 1710 202 36 states
630 1706 310 48 copyright
977 1711 98 35 not
1111 1706 236 42 claimed
1388 1707 60 40 in
1491 1716 97 38 any

397 1763 1320 39 material taken from U. S. Govt. sources.
389 1821 31 38 ©
464 1820 265 41 American
768 1823 98 38 Law
913 1820 323 46 Institute;
1324 1819 261 47 25Mar76;

461 1879 194 40 A803250.

459 2054 136 36 Tort
640 2051 227 47 trends,
910 2050 161 46 1975;
1112 2051 170 45 study
1317 2048 328 42 materials.

394 2108 199 39 Issued
635 2109 58 45 by
739 2106 270 41 American
1043 2111 98 36 Law
1185 2105 609 42 Institute-American

394 2170 92 35 Bar
535 2165 368 40 Association
944 2165 305 40 Committee
1290 2176 58 29 on
1388 2164 338 49 Continuing

394 2224 406 39 Professional
844 2222 325 41 Education.
1257 2223 93 40 252
1394 2234 55 36 p.
1538 2225 251 43 (AU-ABA

390 2291 202 30 course
635 2281 58 39 of
740 2281 181 47 study)
1018 2282 150 45 Appl.
1219 2291 93 30 au:
1360 2279 261 41 American
1667 2284 89 36 Law

395 2338 331 47 Institute,
772 2338 270 47 employer
1085 2339 95 39 for
1225 2338 146 39 hire.
1463 2338 151 47 Appl.

390 2399 203 35 states
634 2396 303 46 copyright
983 2399 91 36 not
1117 2395 231 40 claimed
1397 2394 59 40 in
1492 2403 103 38 any

401 2452 1316 39 material taken from U. S. Govt. sources.
389 2510 31 39 ©
465 2509 265 40 American
771 2513 95 36 Law
916 2508 320 45 Institute;
1327 2508 258 45 17Oct75;
464 2566 188 38 A803251.

463 2744 90 36 Tax
598 2738 272 41 shelters
913 2740 98 39 and
1049 2742 95 36 tax
1187 2738 221 42 reform:
1460 2738 296 40 executive

395 2798 429 46 compensation,
881 2801 91 37 ABA
1015 2798 231 39 Section
1289 2798 62 39 of
1393 2797 288 47 Taxation,

402 2857 123 38 1976
568 2857 266 39 advanced
874 2857 189 44 study;
1118 2855 332 46 materials,
1514 2855 216 47 jointly

394 2915 303 45 presented
742 2915 55 42 by
843 2914 97 38 the
982 2917 92 35 ABA
1118 2912 230 41 Section
1392 2913 64 39 of
1495 2912 269 40 Taxation
1797 2915 26 36 &

398 2974 233 35 ALI-ABA
679 2972 116 37 Feb.
847 2972 26 36 8
909 2972 28 36 &
983 2972 51 43 9,
1093 2971 149 44 1976,
1291 2969 163 40 after
1498 2968 233 40 Section

403 3026 230 43 midyear
675 3027 226 45 meeting
945 3026 63 38 in
1051 3029 256 36 Houston.
1397 3025 197 39 Issued
1633 3027 60 45 by

394 3083 266 39 American
707 3086 90 35 Law
844 3081 607 40 Institute-American
1500 3085 89 35 Bar

400 3139 367 40 Association
808 3139 300 40 Committee
1153 3149 61 30 on
1251 3138 343 48 Continuing

394 3197 405 41 Professional
846 3197 321 40 Education.
1261 3197 87 40 142
1391 3207 52 38 p.
1545 3199 252 43 (ALI-ABA

397 3265 202 29 course
634 3256 66 38 of
738 3257 193 44 study)
1016 3254 152 47 Appl.
1225 3264 82 30 au:
1355 3254 274 39 American
1666 3257 96 36 Law

394 3312 330 47 Institute,
772 3312 273 50 employer
1086 3313 93 40 for
1228 3310 148 43 hire.
1462 3311 161 51 Appl.

397 3377 204 33 states
742 3397 17 13 U.S.
812 3372 299 44 copyright
1150 3374 96 34 not
1288 3371 232 38 claimed
1562 3380 61 28 on
1667 3380 90 36 any

396 3427 1329 40 material taken from U.S. Govt. sources.
398 3488 32 38 ©
466 3487 92 38 The
604 3485 266 41 American
917 3488 97 37 Law
1050 3484 330 48 Institute;
1467 3485 220 47 8Feb76;

400 3544 258 39 A803252.

463 3719 93 34 Tax
601 3719 165 33 Court
811 3715 269 45 practice
1119 3716 192 42 today;
1361 3713 323 39 materials.

398 3770 1398 48 Issued by American Law Institute-American
395 3835 103 34 Bar
535 3830 369 39 Association
947 3830 299 39 Committee
1288 3841 60 27 on
1393 3829 339 47 Continuing

400 3886 405 40 Professional
851 3886 317 40 Education.
1261 3886 84 38 149
1397 3897 47 36 p.
1542 3888 249 44 (ALI-ABA

393 3944 1230 104 course of study) Appl. au: American Law Institute, employer for hire. Appl.
392 4063 203 33 states
637 4063 123 34 U.S.
810 4058 301 44 copyright
1155 4063 97 33 not
1292 4058 232 38 claimed
1569 4067 60 28 on
1664 4067 101 32 any

403 4111 1321 38 material taken from U.S. Govt. sources.
398 4168 32 37 ©
463 4169 98 35 The
604 4167 267 37 American
919 4171 90 33 Law
1049 4166 328 44 Institute;
1500 4165 189 45 1Dec75;
402 4223 255 40 A803253.

466 4394 164 44 Legal
676 4398 234 39 aspects
949 4396 63 36 of
1053 4403 198 29 museum
1294 4393 358 48 operations;

396 4450 1167 96 materials. Issued by the American Law Institute-American Bar Association
398 4562 304 41 Committee
743 4574 62 29 on
846 4564 337 46 Continuing
1221 4563 410 40 Professional

397 4621 333 39 Education.
810 4621 100 39 462
948 4631 59 37 p.
1094 4624 254 42 (ALI-ABA
1396 4630 200 31 course
1629 4621 64 39 of

394 4677 1391 47 study) Appl. au: American Law Institute,
397 4735 270 44 employer
712 4735 93 39 for
848 4734 157 40 hire.
1084 4735 158 46 Appl.
1294 4738 202 35 states
1537 4738 119 36 U.S.

396 4793 310 44 copyright
745 4796 96 36 not
876 4792 235 40 claimed
1150 4802 62 29 on
1258 4802 95 37 any
1394 4792 266 40 material

397 4849 1264 42 taken from U.S. Govt. sources. © The
400 4906 1119 96 American Law Institute; 22Mar76; A803254.
469 5134 302 47 Qualified
814 5135 196 49 plans,
1053 5137 327 47 insurance,
1432 5137 90 39 and

400 5192 408 47 professional
850 5192 426 49 corporations;
1330 5192 321 42 materials:

400 5250 198 46 sample
647 5251 164 42 plans
845 5252 27 36 &
913 5251 167 39 forms
1117 5251 97 39 for
1261 5248 266 49 drafting

400 5305 1165 98 sessions. Issued by the American Law Institute-American Bar Association
396 5420 303 40 Committee
743 5431 60 29 on
849 5419 331 48 Continuing
1229 5419 398 42 Professional

403 5477 327 41 Education.
811 5477 94 40 262
955 5489 50 35 p.
1091 5478 149 46 Appl.
1293 5488 90 30 au:
1435 5477 265 41 American
1735 5480 99 37 Law

400 5534 329 45 Institute,
776 5534 274 47 employer
1092 5535 94 39 for
1229 5533 153 41 hire.
1465 5534 162 47 Appl.

398 5596 207 36 states
644 5596 119 36 U.S.
808 5592 306 48 copyright
1153 5596 97 35 not
1294 5591 234 41 claimed
1567 5602 60 29 on
1672 5601 90 39 any

398 5650 1324 41 material taken from U.S. Govt. sources.
396 5706 1329 46 © The American Law Institute; 18Mar76;
469 5762 192 41 A803255.

468 5934 303 43 Qualified
814 5935 198 45 plans,
1054 5934 328 46 insurance,
1433 5935 92 39 and

1936 677 403 47 professional
2377 678 431 48 corporations;
2860 678 325 40 materials:

1932 734 199 48 sample
2176 734 165 48 plans
2377 737 25 36 &
2449 735 162 39 forms
2653 735 93 40 for
2794 734 260 48 drafting

1938 791 286 39 sessions.
2314 791 193 39 Issued
2552 792 56 47 by
2653 791 267 39 American
2959 796 93 35 Law

1941 848 604 40 Institute-American
2579 853 100 36 Bar
2716 848 374 41 Association

1930 907 302 38 Committee
2276 917 59 28 on
2376 907 334 47 Continuing
2755 907 404 40 Professional

1936 964 324 40 Education.
2351 964 85 39 104
2479 975 53 36 p.
2632 966 255 44 (ALI-ABA
2926 973 198 31 course
3166 965 61 39 of

1932 1020 1394 48 study) Appl. au: American Law Institute,
1935 1078 268 46 employer
2241 1078 98 39 for
2377 1076 162 41 hire.
2621 1078 157 48 Appl.
2821 1081 198 35 states
3067 1081 116 36 U.S.

1936 1134 301 47 copyright
2281 1137 93 35 not
2417 1135 232 39 claimed
2688 1145 60 28 on
2791 1145 96 38 any
2928 1135 263 39 material

1934 1191 1262 39 taken from U.S. Govt. sources. © The
1938 1249 258 39 American
2251 1253 88 35 Law
2380 1249 326 46 Institute;
2794 1250 253 45 18Mar76;
1939 1306 255 38 A803256.

2008 1480 91 34 Tax
2141 1475 267 40 shelters
2449 1477 62 37 in
2550 1486 28 28 a
2623 1475 401 48 recessionary
3058 1486 267 38 economy;

1936 1532 1156 98 materials. Issued by the American Law Institute-American Bar Association
1933 1646 301 42 Committee
2279 1657 58 30 on
2377 1648 334 48 Continuing
2755 1646 405 42 Professional

1936 1706 1293 106 Education. 58 1 p. Appl. au: American Law Institute, employer for hire. Appl.
1937 1823 200 36 states
2175 1823 120 36 U.S.
2345 1820 302 48 copyright
2685 1826 96 33 not
2824 1820 234 40 claimed
3097 1832 60 27 on
3202 1832 93 37 any

1938 1877 1317 40 material taken from U. S. Govt. sources.
1969 1934 1290 50 © The American Law Institute; 25Sep75;
1937 1992 252 39 A803257.

2038 2165 94 39 Real
2174 2169 222 36 estate:
2446 2166 263 38 debtors'
2754 2165 102 39 and
2899 2165 294 40 creditors'

1939 2222 225 47 rights;
2209 2222 332 40 materials.
2627 2227 82 34 No.
2756 2224 57 37 4.
2897 2224 197 38 Issued
3136 2224 57 46 by
3234 2223 100 39 the

1937 2279 1193 41 American Law Institute-American Bar
1942 2336 366 40 Association
2347 2336 305 40 Committee
2689 2346 62 30 on
2787 2336 337 48 Continuing

1943 2393 394 41 Professional
2386 2393 316 40 Education.
2794 2394 93 39 588
2929 2405 53 37 p.
3081 2397 250 44 (ALI-ABA

1936 2450 1224 106 course of study) Appl. au: American Law Institute, employer for hire. Appl.
1940 2567 195 37 states
2176 2568 119 35 U.S.
2347 2563 300 49 copyright
2685 2567 97 36 not
2827 2564 231 39 claimed
3098 2575 62 28 on
3203 2574 93 39 any

1940 2622 1315 40 material taken from U.S. Govt. sources.
1938 2681 32 39 ©
2008 2681 92 38 The
2149 2680 255 40 American
2452 2684 94 36 Law
2591 2680 326 46 Institute;
2994 2680 261 46 20Nov75;

1942 2738 253 39 A803258.

2011 2914 89 38 The
2142 2916 334 37 Investment
2520 2922 230 38 company
2789 2915 97 37 act
2924 2912 67 40 of
3035 2911 128 40 1940
3196 2912 106 39 and

1937 2968 339 40 investment
2311 2978 238 38 company
2587 2968 360 50 compliance;
2998 2968 324 41 materials.

1941 3023 1420 97 Vol. 1. Issued by American Law Institute-American
2249 3085 94 34 Bar
2382 3080 372 40 Association
2788 3080 303 40 Committee
3137 3090 62 29 on

1937 3137 335 49 Continuing
2318 3137 395 41 Professional
2761 3137 324 42 Education.
3167 3137 95 42 422
3310 3149 46 39 p.

1953 3199 249 44 (ALI-ABA
2251 3206 197 30 course
2487 3197 62 39 of
2587 3196 186 49 study)
2861 3197 158 48 Appl.
3061 3206 95 30 au:

1943 3253 1411 48 American Law Institute, employer for hire.
1938 3310 156 51 Appl.
2144 3313 197 40 states
2381 3314 122 39 U.S.
2554 3309 298 53 copyright
2897 3314 94 39 not
3034 3310 231 43 claimed
3308 3320 61 33 on

1942 3370 985 45 any material taken from U.S. Govt.
1941 3427 1315 46 sources. © The American Law Institute;
1936 3484 258 49 25Sep75;
2286 3484 251 40 A803259.

2010 3660 97 36 Tax
2141 3665 405 40 consequences
2586 3657 64 39 of
2689 3660 266 45 property
1936 3659 1191 93 transactions.
2318 3715 196 37 Issued
2557 3715 60 46 by
2656 3713 273 39 American
2968 3716 54 37 Law

1940 3770 605 40 Institute-American
2588 3774 91 36 Bar
2726 3770 369 40 Association

1938 3829 307 38 Committee
2284 3838 60 29 on
2380 3830 336 47 Continuing
2760 3829 403 40 Professional

1939 3886 331 39 Education.
2360 3885 87 40 124
2488 3897 56 36 p.
2638 3888 248 44 (ALI-ABA
2931 3896 201 30 course
3169 3886 58 40 of

1936 3944 191 48 study)
2218 3944 149 48 Appl.
2418 3952 90 32 au:
2557 3942 261 41 American
2860 3947 93 36 Law
3000 3943 326 47 Institute,

1935 4001 271 46 employer
2253 4001 91 39 for
2386 4000 158 40 hire.
2622 4001 163 48 Appl.
2830 4004 201 36 states
3073 4004 114 36 U.S.

1937 4058 306 42 copyright
2281 4061 96 33 not
2415 4057 237 37 claimed
2691 4057 58 35 in
2796 4067 91 32 any
2929 4057 272 36 material

1938 4109 1259 40 taken from U.S. Govt. sources. © The
1942 4166 261 38 American
2246 4169 65 35 Law
2383 4166 327 45 Institute;
2794 4164 264 47 25Mar76;
1942 4223 251 38 A803260.

2006 4393 271 39 Practice
2317 4394 94 38 and
2454 4394 301 46 procedure
2797 4393 62 38 in
2896 4393 233 39 Federal
3176 4397 95 35 tax

1936 4450 468 39 controversies:
2451 4456 100 33 tax
2587 4455 161 34 court
2798 4451 97 38 and
2932 4451 325 46 elsewhere;

1942 4507 328 39 materials,
2354 4507 199 38 issued
2588 4509 68 45 by
2690 4507 272 39 American
3004 4511 56 35 Law

1939 4563 608 40 Institute-American
2587 4568 92 35 Bar
2723 4565 373 38 Association

1939 4620 307 40 Committee
2283 4629 58 30 on
2387 4621 331 46 Continuing
2765 4621 404 39 Professional

1948 4678 323 39 Education.
2362 4678 85 38 169
2491 4688 53 38 p.
2641 4681 247 43 (ALI-ABA
2929 4687 200 30 course
3172 4679 57 38 of

1941 4734 1393 48 study) Appl. au: American Law Institute,
1942 4794 266 45 employer
2253 4794 94 38 for
2389 4794 149 40 hire.
2629 4795 149 47 Appl.
2833 4798 200 35 states
3068 4795 125 37 U.S.

1938 4849 307 48 copyright
2287 4853 92 35 not
2418 4849 239 39 claimed
2695 4861 62 27 on
2794 4861 101 36 any
2936 4850 263 38 material

1944 4906 1254 39 taken from U.S. Govt. sources. © The
1942 4962 265 40 American
2246 4966 98 36 Law
2387 4962 323 47 Institute;
2804 4963 255 47 19Mar76;
1945 5021 256 39 A803261.

2008 5192 300 44 Qualified
2354 5192 192 49 plans,
2590 5192 334 47 insurance,
2965 5193 102 38 and

1947 5248 394 49 professional
2381 5248 439 50 corporations:
2865 5249 302 49 reporting
3205 5251 163 39 under

1947 5308 159 37 ERISA
2147 5305 360 48 supplement;
2562 5305 327 39 materials.
2966 5306 196 39 Issued
3203 5306 68 49 by

1943 5362 1185 40 American Law Institute-American Bar
1943 5419 371 42 Association
2354 5419 301 41 Committee
2695 5431 62 28 on
2795 5420 340 49 Continuing

1942 5477 405 41 Professional
2386 5476 330 41 Education.
2799 5478 17 37 1
2870 5488 56 29 v.
3019 5480 251 44 (ALI-ABA

1939 5533 1226 50 course of study) Appl. au: American Law
1947 5591 324 48 Institute,
2319 5592 269 48 employer
2628 5593 95 39 for
2767 5591 155 41 hire.
3002 5593 158 48 Appl.

1945 5653 199 37 states
2180 5654 128 36 U.S.
2351 5650 302 49 copyright
2692 5655 96 35 not
2832 5650 235 41 claimed
3104 5662 63 30 on
3204 5662 96 37 any

1942 5706 1320 41 material taken from U.S. Govt. sources.
1975 5763 1290 47 © The American Law Institute; 18Mar76;
1944 5823 235 39 A803262.

3542 735 228 39 Defense
3810 736 69 38 of
3915 734 168 40 white
4123 736 194 39 collar
4363 736 182 45 crime;

3475 791 322 39 materials.
3880 792 200 39 Issued
4121 793 65 48 by
4225 791 265 40 American
4528 796 99 37 Law

3473 850 605 41 Institute-American
4123 854 91 36 Bar
4261 849 365 43 Association

3474 908 300 38 Committee
3811 917 64 28 on
3919 908 335 48 Continuing
4293 908 406 39 Professional

3471 964 332 40 Education.
3892 965 90 39 188
4026 976 52 38 p.
4166 967 257 44 (ALI-ABA
4460 974 196 30 course
4696 965 60 39 of

3472 1021 1387 49 study) Appl. au: American Law Institute,
3473 1079 268 48 employer
3785 1079 95 39 for
3921 1078 153 40 hire.
4162 1078 153 50 Appl.
4365 1081 196 37 states
4603 1081 121 37 U.S.

3477 1135 301 48 copyright
3815 1140 98 34 not
3951 1135 238 40 claimed
4228 1145 63 30 on
4326 1145 99 39 any
4465 1135 258 40 material

3475 1192 1256 40 taken from U.S. Govt. sources. © The
3471 1250 268 39 American
3784 1254 99 35 Law
3916 1250 300 40 Institute
4237 1261 12 35 ;
4332 1250 257 50 26Sep75;
3476 1307 259 37 A803263.

3543 1476 228 39 Defense
3810 1477 70 37 of
3918 1476 168 39 white
4126 1478 196 38 collar
4364 1476 185 47 crime;

3478 1532 320 40 materials.
3881 1535 200 37 Issued
4123 1535 66 48 by
4228 1533 265 41 American
4531 1538 99 36 Law

3475 1591 606 40 Institute-American
4124 1596 92 35 Bar
4263 1592 367 39 Association

3474 1648 303 40 Committee
3810 1659 66 29 on
3920 1648 335 50 Continuing
4294 1649 409 40 Professional

3473 1706 330 40 Education.
3886 1709 97 37 210
4027 1720 52 37 p.
4168 1711 258 43 (ALI-ABA
4463 1718 198 28 course
4700 1709 61 38 of

3470 1763 1393 50 study) Appl. au: American Law Institute,
3473 1823 269 46 employer
3784 1823 97 36 for
3923 1822 152 37 hire.
4164 1823 153 46 Appl.
4366 1826 198 33 states
4607 1825 119 34 U.S.

3476 1878 294 50 copyright
3815 1882 98 35 not
3952 1877 239 40 claimed
4231 1889 62 29 on
4328 1889 99 39 any
4468 1879 260 40 material

3474 1936 1261 40 taken from U.S. Govt. sources. © The
3472 1992 267 40 American
3783 1997 99 35 Law
3918 1992 334 46 Institute;
4335 1991 258 48 27Feb76;
3478 2050 257 40 A803264.

3543 2223 131 40 Land
3719 2222 263 51 planning
4025 2224 91 38 and
4165 2222 329 51 regulation
4536 2223 64 41 of

3474 2280 400 48 development;
3922 2280 329 40 materials.
4327 2282 206 38 Issued
4571 2282 64 48 by

3478 2336 1190 40 American Law Institute-American Bar
3473 2393 371 41 Association
3880 2395 306 39 Committee
4231 2405 63 29 on
4330 2394 331 50 Continuing

3473 2450 404 40 Professional
3919 2452 333 38 Education.
4333 2453 95 36 490
4474 2462 48 37 p.
4618 2453 252 45 (ALI-ABA

3477 2518 199 28 course
3712 2509 61 37 of
3813 2509 194 46 study)
4095 2508 153 47 Appl.
4300 2519 84 28 au:
4433 2507 271 40 American
4738 2512 98 34 Law

3478 2564 326 47 Institute,
3855 2565 267 50 employer
4159 2565 100 39 for
4298 2565 152 39 hire.
4537 2565 152 50 Appl.

3472 2626 198 35 states
3712 2626 126 36 U.S.
3887 2622 298 50 copyright
4230 2627 94 34 not
4369 2623 233 40 claimed
4640 2633 62 29 on
4738 2633 98 40 any

3478 2680 1316 40 material taken from U.S. Govt. sources.
3471 2738 1324 99 © The American Law Institute; 18Mar76; A803265.
3544 2968 1286 46 Environmental law; materials. Vol. 2.
3479 3025 197 40 Issued
3719 3026 57 47 by
3816 3024 271 40 American
4129 3028 93 35 Law
4264 3024 601 40 Institute-American

3479 3086 91 34 Bar
3616 3080 365 40 Association
4027 3080 302 40 Committee
4369 3092 60 28 on
4469 3080 335 50 Continuing

3472 3138 412 41 Professional
3919 3139 333 40 Education,
4336 3151 51 38 p.
4441 3138 258 41 395-797.

3484 3199 255 45 (ALI-ABA
3784 3206 204 30 course
4021 3197 63 39 of
4123 3197 190 48 study)
4405 3197 149 49 Appl.
4605 3208 91 28 au:

3478 3253 1419 49 American Law Institute, employer for hire.
3474 3311 160 51 Appl.
3682 3314 203 39 states
3925 3314 124 39 U.S.
4090 3311 307 51 copyright
4436 3316 95 37 not
4569 3311 232 42 claimed
4838 3325 60 28 on

3475 3370 997 49 any material taken from U.S. Govt.
3478 3427 1317 47 sources. © The American Law Institute;
3482 3485 221 48 5Feb76;
3782 3485 267 40 A803266.

3546 3657 124 41 Real
3716 3660 200 36 estate
3952 3656 409 40 condominiums
4404 3659 92 38 and
4541 3658 226 47 planned

3478 3713 1286 49 unit developments; materials. Vol. 1.
3479 3772 197 40 Issued
3717 3772 61 49 by
3814 3770 275 42 American
4127 3775 96 37 Law
4263 3771 603 41 Institute-American

3478 3833 89 36 Bar
3611 3829 369 40 Association
4020 3829 310 40 Committee
4366 3840 66 29 on
4471 3829 329 50 Continuing

3480 3885 400 41 Professional
3927 3887 323 39 Education.
4340 3887 92 38 466
4472 3897 53 38 p.
4618 3890 249 43 (ALI-ABA

3478 3953 199 30 course
3716 3944 61 40 of
3820 3944 187 50 study)
4093 3944 159 50 Appl.
4295 3953 94 32 au:
4438 3943 263 41 American
4747 3947 93 37 Law

3477 4000 325 49 Institute,
3855 4001 262 49 employer
4165 4001 90 40 for
4303 4000 152 41 hire.
4538 4002 155 48 Appl.

3478 4060 201 32 states
3715 4061 50 30 U.
3789 4060 45 32 S.
3885 4058 306 44 copyright
4234 4061 94 30 not
4365 4058 235 34 claimed
4639 4066 63 25 on
4744 4065 94 37 any

3473 4109 1321 41 material taken from U.S. Govt. sources.
3472 4165 1321 48 © The American Law Institute; 12Feb76;
3546 4223 190 40 A803267.

3546 4393 439 39 International
4027 4393 265 40 business
4334 4393 404 41 transactions
4781 4394 59 40 in
4874 4405 26 30 a

3478 4451 268 48 changing
3785 4451 398 41 environment:
4234 4451 430 41 international

3475 4506 366 40 arbitration
3865 4517 12 37 ;
3919 4508 167 49 study
4127 4508 327 40 materials.
4539 4508 198 40 Issued
4777 4509 60 49 by

3481 4565 258 38 American
3787 4569 93 35 Law
3925 4565 607 39 Institute-American
4574 4570 96 35 Bar

3476 4621 370 39 Association
3883 4621 306 40 Committee
4234 4632 63 29 on
4332 4622 331 49 Continuing

3481 4678 399 40 Professional
3925 4679 330 39 Education.
4334 4680 92 39 221
4474 4690 50 38 p.
4622 4682 244 44 (ALI-ABA

3476 4735 1225 111 course of study) Appl. au: American Law Institute, employer for hire. Appl.
3476 4855 200 33 states
3718 4850 300 48 copyright
4058 4855 95 33 not
4200 4852 234 36 claimed
4474 4852 58 37 in
4579 4861 86 39 any

3480 4906 1318 40 material taken from U.S. Govt. sources.
3476 4964 33 40 ©
3544 4964 96 40 The
3686 4963 259 41 American
3998 4966 86 37 Law
4132 4963 319 47 Institute;
4538 4963 220 47 4Dec75;

3482 5021 251 40 A803268.

3548 5192 257 47 Pension,
3854 5192 499 50 profit-sharing,
4405 5194 93 38 and
4540 5194 167 38 other

3482 5250 264 40 deferred
3785 5249 408 50 compensation
4237 5250 191 50 plans,
4474 5254 234 47 January

3481 5306 188 47 22-24,
3727 5306 147 47 1976,
3925 5310 94 34 Los
4066 5308 252 46 Angeles;
4365 5308 164 46 study
4579 5306 315 40 materials.

3476 5362 1255 99 Issued by the American Law Institute- American
3785 5425 101 35 Bar
3923 5421 374 40 Association
4334 5421 306 40 Committee
4676 5432 58 29 on

3480 5477 332 50 Continuing
3859 5478 402 40 Professional
4306 5479 327 39 Education.
4714 5479 87 39 511
4848 5489 54 38 p.

3493 5537 248 44 (ALI-ABA
3787 5544 197 30 course
4030 5536 57 38 of
4130 5536 184 48 study)
4406 5536 157 50 Appl.
4608 5545 90 31 au:

3482 5593 1412 50 American Law Institute, employer for hire.
3484 5653 147 48 Appl.
3685 5656 198 35 states
3920 5652 302 49 copyright
4267 5657 93 34 not
4401 5653 235 39 claimed
4683 5653 55 39 in
4778 5663 95 40 any

3484 5707 1309 42 material taken from U.S. Govt. sources.
3475 5764 1433 48 © The American Law Institute; 9Oct75 (in
3475 5824 233 39 notice:
3757 5822 188 48 1976);
4033 5824 255 39 A803269.
