2358 3325
2164 133 58 25 3673

86 231 50 22 The
157 231 116 25 origins
295 231 31 19 of
346 229 187 21 theoretical
122 228 533 53 population
208 260 149 25 genetics.
398 259 49 20 See
467 258 132 26 PROVINE,

121 289 122 21 WILLIAM
259 289 29 21 B.

85 327 49 21 The
153 330 101 22 papers
276 326 30 19 of
327 326 82 21 James
429 325 132 21 Madison.
604 324 47 22 See

119 353 133 28 MADISON,
275 352 96 24 JAMES.

85 389 133 20 Patterns
241 388 31 20 in
291 388 135 21 forcible
447 394 79 20 rape.
567 389 48 20 See

118 416 81 27 AMIR,
221 416 151 22 MENACHEM.

88 453 181 24 Philosophy.
312 452 47 19 See
380 451 132 26 JASPERS,
535 451 79 20 KARL.

89 495 47 21 The
159 495 167 24 Portuguese
349 494 148 25 language.
538 492 46 21 See
607 489 114 27 CAMARA,

124 523 119 24 JOAQUIM
260 521 135 27 MATTOSO,
417 522 45 21 JR.

88 563 48 20 The
157 566 134 21 progress
313 560 31 20 of
366 559 114 24 society
503 558 32 20 in
552 557 116 24 Europe.

123 591 48 19 See
191 589 168 25 ROBERTSON,
379 587 134 21 WILLIAM.

84 630 83 21 Ratio
188 629 199 21 correlation.
428 628 49 21 See
497 627 115 26 CHAYES,
117 660 98 20 FELIX.

90 695 49 20 Red
157 695 85 20 man's
261 695 132 21 America:
418 701 15 14 a
451 696 120 24 history
591 696 31 19 of

126 723 117 22 Indians
263 724 32 19 in
315 724 48 20 the
383 724 102 20 United
504 724 113 20 States.

125 752 48 20 See
192 753 168 25 UNDERHILL,
384 754 67 19 RUTH
468 754 115 19 MURRAY.

90 785 204 23 Relativistic
314 789 219 25 astrophysics.
573 791 48 20 See

124 814 167 27 ZELDOVICH,
313 817 47 20 YA.
384 819 28 19 B.

89 844 48 21 The
159 845 115 25 ringers
296 846 32 20 in
348 846 48 19 the
417 846 95 20 tower.
553 846 49 20 See

123 875 97 26 BLOOM,
245 875 112 20 HAROLD.

101 912 66 21 Rome
189 912 46 20 and
255 911 137 21 medieval
413 911 130 20 culture.
585 911 48 20 See

136 941 201 26 GREGOROVIUS,
360 939 166 22 FERDINAND.

89 977 84 21 Rural
193 976 304 21 industrialization:
521 980 14 15 a
556 976 118 24 chapter

125 1006 32 20 of
176 1010 15 15 a
211 1006 99 19 future
330 1005 80 20 work.
452 1005 48 20 See
519 1005 116 25 WASSON,
125 1035 101 20 CALVIN
244 1036 29 19 E.

91 1066 49 21 The
161 1066 152 20 schlemiel
334 1070 29 15 as
383 1066 104 20 modern
505 1066 80 19 hero.
626 1066 49 19 See

125 1096 99 26 WISSE,
246 1096 69 20 RUTH
334 1096 28 20 R.

98 1134 117 20 Several
236 1134 119 23 complex
372 1132 167 21 variables.
581 1131 48 20 See

132 1163 185 25 NARASIMHAN,
338 1162 150 20 RAGHAVAN.

98 1198 49 20 The
169 1198 99 20 social
289 1196 204 21 construction
513 1195 32 20 of
133 1194 550 53 communities.
254 1226 49 20 See
323 1225 131 26 SUTTLES,
478 1224 102 21 GERALD
599 1224 28 21 D.

97 1260 100 21 Social
217 1261 118 20 control
355 1261 49 20 and
425 1261 100 20 social
545 1261 113 25 change.

131 1289 48 21 See
200 1290 97 26 SCOTT,
319 1290 70 20 JOHN
407 1290 78 20 PAUL.

93 1325 164 25 Sociology.
300 1324 47 21 See
367 1322 134 28 FICHTER,
525 1321 102 23 JOSEPH
644 1321 28 22 H.

86 1371 136 25 Speaking
241 1370 32 20 in
293 1369 131 25 tongues.
466 1367 48 20 See
534 1361 133 30 GOODMAN,

120 1399 153 22 FELICITAS
292 1400 30 20 D.

83 1440 49 21 The
154 1440 117 25 spotted
290 1439 99 24 hyena:
412 1443 14 14 a
448 1438 83 24 study
551 1437 31 19 of
119 1436 567 54 predation
205 1470 49 19 and
276 1468 99 21 social
395 1467 149 21 behavior.
585 1466 48 20 See

119 1498 98 26 KRUUK,
239 1497 82 21 HANS.

94 1534 83 21 State
196 1534 120 25 housing
336 1534 148 25 agencies:
509 1539 98 20 spoons
630 1534 46 19 and

128 1563 183 20 bulldozers.
352 1563 49 19 See
422 1562 148 26 CANFIELD,
593 1562 115 20 MARSHA.

94 1597 116 21 Studies
232 1598 31 19 in
282 1597 153 20 classical
456 1596 47 20 and
524 1595 152 26 Byzantine

126 1626 170 25 manuscript
319 1625 216 21 illumination.
577 1626 48 19 See

126 1657 169 25 WEITZMANN,
316 1656 82 20 KURT.

92 1688 83 21 Tales
197 1688 30 19 of
247 1689 29 19 E.
299 1688 29 20 T.
351 1687 29 20 A.
403 1686 149 21 Hoffmann.
593 1685 48 20 See

128 1717 149 26 HOFFMANN,
299 1716 85 21 ERNST
402 1715 119 21 THEODOR
540 1713 133 22 AMADEUS.

90 1758 49 21 The
159 1758 102 21 United
280 1759 99 20 States
401 1758 50 20 and
471 1757 222 24 revolutionary

124 1787 190 20 nationalism
332 1787 32 20 in
383 1787 116 25 Mexico,
523 1780 165 30 1916-1932.

125 1816 48 20 See
194 1816 98 26 SMITH,
313 1816 103 20 ROBERT
435 1814 132 21 FREEMAN.

96 1850 87 21 Urban
203 1850 169 20 simulation
390 1850 83 25 goals
494 1850 49 19 and
133 1849 549 50 alternatives
237 1880 49 20 for
305 1879 49 20 the
374 1879 78 25 city.
495 1880 48 20 See
563 1879 114 26 BOMBOY,

132 1909 103 20 ROBERT
253 1910 28 20 P.

92 1943 118 25 Village
231 1944 49 19 and
298 1944 189 23 bureaucracy
506 1943 33 19 in
558 1942 136 20 Southern

128 1973 67 24 Sung
214 1973 96 19 China.
352 1972 47 20 See
419 1972 150 24 MCKNIGHT,
593 1971 84 20 BRIAN
695 1971 28 19 E.

98 2010 115 20 Vulcan.
254 2010 48 20 See
322 2010 185 25 HOELDERLIN,
529 2009 167 20 FRIEDRICH.

100 2048 52 22 Wax
170 2049 16 20 &
206 2050 78 25 gold:
310 2050 152 19 tradition
482 2051 49 18 and
139 2050 513 49 innovation
224 2079 32 19 in
274 2078 154 25 Ethiopian
449 2077 129 21 culture.
621 2076 48 20 See

136 2107 115 26 LEVINE,
275 2107 102 20 DONALD
395 2107 28 20 N.

100 2148 49 19 The
168 2146 120 25 winning
307 2145 32 21 of
359 2146 48 19 the
426 2144 133 21 Midwest.
601 2143 47 20 See

135 2175 115 25 JENSEN,
271 2174 121 20 RICHARD
411 2174 28 20 J.

95 2209 48 20 The
161 2208 87 20 world
268 2207 31 20 of
319 2207 48 20 the
389 2206 99 20 office
507 2205 116 20 worker.
664 2204 47 19 See

131 2237 131 25 CROZIER,
283 2236 116 20 MICHEL.

49 2286 171 22 UNIVERSITY
238 2287 32 21 OF
290 2287 118 22 CHICAGO
462 2288 49 21 See

81 2316 156 22 ANTENATAL
255 2318 166 21 DIAGNOSIS.

79 2355 52 20 THE
150 2354 83 21 CHINA
252 2353 154 21 TRIP—NOW
423 2352 83 21 WHAT.

81 2390 136 22 FOLKLORE
235 2390 51 22 AND
305 2392 148 22 FOLKLIFE:
477 2392 34 21 AN
116 2393 548 48 INTRODUCTION.

89 2451 50 20 THE
157 2451 118 21 SUPREME
296 2453 84 21 COURT
399 2455 114 25 REVIEW,
538 2456 77 24 1971.

93 2490 120 22 VINLAND
229 2492 53 20 MAP
301 2493 181 21 CONFERENCE.

48 2542 172 24 UNIVERSITY
238 2545 34 21 OF
290 2544 132 24 CHICAGO.
460 2547 82 22 DEPT.
566 2547 33 21 OF
82 2573 167 24 GEOGRAPHY.

82 2604 49 20 The
151 2605 101 20 Indian
271 2605 218 21 hill-station:
512 2607 184 20 Kodaikanal.

117 2634 48 20 See
185 2635 150 26 MITCHELL,
357 2634 82 23 NORA.

88 2669 49 21 The
159 2671 186 21 residential
365 2673 135 21 location
518 2675 49 19 and
589 2675 117 25 spatial

123 2699 135 21 behavior
279 2701 31 20 of
330 2702 48 19 the
399 2702 130 26 elderly:
554 2709 14 14 a

122 2727 137 22 Canadian
278 2731 130 24 example.
450 2731 48 21 See
519 2731 114 26 GOLANT,
123 2755 118 22 STEPHEN
258 2757 30 20 M.

72 2814 172 20 UNIVERSITY
263 2813 31 19 OF
312 2812 132 21 CHICAGO.
484 2810 137 21 NATIONAL
641 2807 117 21 OPINION

107 2843 136 20 RESEARCH
261 2842 115 20 CENTER.
417 2841 48 19 See
485 2838 137 21 NATIONAL
641 2836 117 21 OPINION

107 2871 137 21 RESEARCH
262 2870 115 20 CENTER.

56 2918 171 25 UNIVERSITY
245 2919 34 24 OF
296 2919 149 30 COLORADO,
468 2919 133 24 BOULDER.

90 2951 51 21 Man
160 2952 48 20 and
228 2952 96 21 birds:
350 2952 152 20 evolution
521 2951 48 20 and
126 2951 548 49 behavior.
229 2980 48 21 See
331 2979 167 26 MEYERRIECKS,
521 2979 103 21 ANDREW
641 2979 29 21 J.

800 233 173 21 UNIVERSITY
991 233 34 20 OF
1044 232 149 25 COLORADO,
1216 230 131 21 BOULDER.

835 262 138 21 DIVISION
991 262 35 19 OF
1045 260 170 21 CONTINUING
1234 259 165 21 EDUCATION.

838 291 188 21 INDEPENDENT
1045 290 95 21 STUDY.

837 320 84 20 Child
941 320 49 20 and
1010 318 170 21 adolescent
1199 317 184 27 psychology.

871 349 97 25 Psych.
994 343 96 29 264-3.
1132 348 33 24 By
1183 346 118 21 Richard
1322 345 83 21 Glenn

872 377 131 21 Ratliff.
1045 372 30 28 87
1095 381 30 21 p.
1164 376 20 20 ©
1201 374 117 26 Regents
1337 374 35 20 of
1391 373 48 21 the

871 405 173 26 University
1061 405 34 20 of
1115 404 148 26 Colorado;
1288 402 130 26 29Nov72;

872 430 131 29 A392870.

839 474 118 20 General
975 474 134 25 physics.
1149 473 80 25 Phys.
1254 467 95 25 201-4.
1389 472 37 24 By

872 503 85 20 David
994 503 29 21 L.
1046 502 149 20 Peterson.
1235 497 32 29 38
1286 505 28 21 p.
1352 500 20 20 ©
1390 500 117 25 Regents

874 531 32 20 of
926 532 47 20 the
994 531 174 25 University
1185 530 32 20 of
1236 529 148 26 Colorado;

874 559 131 26 15May72;
1027 555 134 30 A362596.

837 598 118 21 General
974 598 132 26 physics.
1146 598 81 25 Phys.
1252 591 96 26 202-4.
1387 597 37 24 By

870 627 84 20 David
974 628 29 20 L.
1026 627 150 20 Peterson.
1216 621 32 29 43
1266 630 30 20 p.
1333 624 20 19 ©
1371 624 117 25 Regents

872 655 32 20 of
924 655 47 20 the
992 654 173 25 University
1183 654 31 20 of
1233 653 149 25 Colorado;

872 684 131 25 15Jun72;
1026 679 132 30 A362595.

839 724 118 20 General
977 724 182 25 psychology.
1201 723 96 24 Psych.
1322 722 95 24 203-3.
1459 723 32 23 By

874 754 82 20 Janis
977 753 85 25 Wiley
1079 753 149 20 Driscoll.
1270 747 33 28 38
1323 757 26 19 p.

873 782 19 19 ©
910 783 116 24 Regents
1049 782 30 19 of
1098 782 48 19 the
1167 781 170 24 University
1359 781 30 19 of

875 812 149 23 Colorado;
1117 811 45 23 1Jul72;
1184 805 131 28 A364526.

848 850 119 25 History
985 850 34 20 of
1039 848 147 22 Colorado.
1227 847 80 21 Hist.
1333 843 96 28 258-3.

883 880 33 24 By
935 878 135 21 Clifford
1090 879 27 20 P.
1141 876 201 22 Westermeier.
1383 875 32 24 33
1434 880 30 21 p.

880 908 20 20 ©
917 907 118 25 Regents
1055 907 33 20 of
1108 906 48 20 the
1176 904 172 25 University
1366 904 33 20 of

884 936 147 25 Colorado;
1072 934 98 27 1Dec72;
1194 929 131 29 A392869.

854 971 203 20 Introduction
1077 971 33 19 to
1128 970 135 25 physical
1283 969 205 25 anthropology

888 1000 26 20 I.
955 1000 114 20 Anthro.
1094 999 96 24 201-3.
1231 1000 33 24 By
1284 999 67 24 Gary
1370 999 27 19 G.
887 999 584 50 Tunnell.

1007 1029 34 23 39
1060 1034 26 20 p.
1127 1028 20 20 ©
1163 1028 117 25 Regents
1303 1028 30 19 of
1353 1028 48 19 the

887 1058 171 24 University
1079 1058 30 20 of
1130 1057 148 25 Colorado;
1302 1057 114 24 7Aug72;
887 1082 131 28 A364525.

856 1122 172 26 Philosophy
1047 1124 48 19 and
1116 1124 148 25 religion.
1305 1126 80 20 Phil.
1444 1127 62 23 160-3.

891 1151 33 24 By
942 1151 45 21 Ed.
1012 1152 27 21 L.
1062 1152 115 22 Miller.
1218 1149 33 24 40
1270 1159 28 20 p.
1338 1155 20 19 ©
1375 1155 117 25 Regents

889 1180 33 19 of
943 1180 47 20 the
1010 1181 173 26 University
1200 1183 34 19 of
1254 1183 148 26 Colorado;

890 1208 131 27 15Nov72;
1044 1206 132 28 A392871.

857 1244 102 25 Safety
978 1244 165 21 education.
1184 1244 80 25 Phys.
1289 1244 44 21 ed.
1357 1238 97 30 345-2.

891 1273 33 25 By
942 1273 119 25 Raymond
1082 1273 27 21 C.
1131 1273 81 21 Hall.
1254 1268 32 24 66
1304 1278 29 20 p.

889 1302 20 20 ©
925 1302 118 24 Regents
1063 1302 33 19 of
1117 1301 47 20 the
1184 1301 172 25 University
1374 1301 33 20 of

892 1330 147 26 Colorado;
1064 1329 114 26 1Jul72;
1202 1325 132 29 A392867.

855 1367 100 20 School
976 1368 152 20 reference
1150 1369 130 21 service.
1322 1370 79 21 Educ.
1424 1364 86 29 463-2

893 1393 75 30 (Lib.
994 1396 60 22 sci.
1078 1392 99 32 463-2)
1218 1398 33 25 By
1269 1398 68 20 Anna
1354 1399 68 20 Neal

887 1425 115 22 Muller.
1044 1421 32 29 43
1095 1431 29 20 p.
1164 1427 19 20 ©
1200 1427 118 24 Regents
1337 1427 34 20 of
1391 1428 48 20 the

888 1454 172 25 University
1078 1455 33 19 of
1132 1455 147 25 Colorado;
1304 1455 131 25 17Nov72;

888 1478 131 29 A392868.

802 1522 171 25 UNIVERSITY
993 1523 32 23 OF
1044 1523 149 29 COLORADO,
1217 1524 130 24 BOULDER.
836 1553 131 23 REGENTS.

836 1583 31 21 Me
889 1585 49 19 and
956 1590 34 19 my
1010 1585 200 21 environment.
1251 1586 48 20 See
871 1586 533 48 BIOLOGICAL
974 1614 135 20 SCIENCES
1131 1615 170 20 CURRICULUM
1320 1616 95 20 STUDY.

836 1646 33 19 Me
890 1646 61 20 Now.
993 1645 48 20 See
1063 1646 170 19 BIOLOGICAL
1252 1646 134 20 SCIENCES

873 1674 170 19 CURRICULUM
1062 1673 96 21 STUDY.

839 1711 50 21 Sex
907 1711 48 20 and
977 1711 48 20 the
1047 1712 99 24 single
1167 1712 79 20 cell.
1288 1712 47 21 See
1354 1712 117 26 KELLER,

873 1739 118 22 DOLORES
1010 1740 116 21 ELAINE.

840 1776 155 27 Yesterday
1015 1779 14 20 I
1049 1779 97 21 found.
1187 1781 48 20 See
1256 1781 96 26 PAULL,
876 1806 130 22 DOROTHY.

839 1843 50 20 For
910 1842 81 22 other
1009 1844 84 21 works
1115 1845 118 21 claimed
1251 1846 35 26 by
1304 1848 117 25 Regents
1444 1849 30 20 of

873 1873 49 20 the
942 1874 171 26 University
1133 1876 31 19 of
1184 1877 136 20 Colorado
1356 1879 49 20 See

873 1902 170 21 UNIVERSITY
1063 1904 32 19 OF
1115 1904 149 27 COLORADO,
1286 1907 131 22 BOULDER.

872 1932 137 20 DIVISION
1029 1933 31 20 OF
1080 1934 170 21 CONTINUING
1269 1936 166 23 EDUCATION.

874 1961 187 21 INDEPENDENT
1080 1963 95 20 STUDY.

803 2013 174 22 UNIVERSITY
996 2013 32 20 OF
1048 2012 148 20 COLORADO.
1238 2012 118 20 COLLEGE
1377 2013 32 19 OF

840 2042 201 25 ENGINEERING,
1065 2042 114 20 DENVER.

840 2070 206 21 Introduction
1067 2070 30 19 to
1117 2069 136 25 computer
1274 2069 184 20 mathematics

874 2100 85 25 using
980 2099 204 25 time-sharing
1203 2099 96 20 Basic.
1342 2100 100 19 Denver

874 2130 100 20 Public
996 2129 131 21 Schools.
1170 2128 48 24 191
1238 2134 27 20 p.
1306 2128 137 21 Revision

876 2159 30 19 of
926 2158 173 20 curriculum
1118 2157 135 20 material
1273 2157 151 25 developed

876 2188 31 20 in
928 2184 66 27 1969
1012 2187 35 25 by
1066 2186 153 25 secondary
1239 2186 100 20 school
1359 2186 134 20 teachers

875 2217 49 20 for
944 2221 33 15 an
996 2215 205 26 experimental
1220 2220 101 15 course
1343 2215 31 20 in

875 2246 135 25 computer
1031 2244 200 20 mathematics.
1270 2243 20 20 ©
1307 2244 117 25 College

876 2275 31 19 of
926 2273 202 25 Engineering,
1149 2272 174 26 University
1342 2273 31 20 of

875 2302 136 21 Colorado
1030 2302 101 19 Denver
1151 2300 115 24 Center;
1288 2301 116 24 3Oct72;

875 2331 131 24 A392501.

793 2384 174 23 UNIVERSITY
985 2384 33 21 OF
1037 2383 200 27 CONNECTICUT,
1260 2383 115 23 STORES.

828 2413 35 23 An
881 2415 221 21 entertainment
1123 2414 49 20 for
1191 2414 166 25 Elizabeth,
864 2415 548 54 being
932 2448 15 15 a
966 2444 67 20 most
1054 2443 152 20 excellent
1225 2443 138 25 princely

862 2473 85 20 maske
968 2473 31 19 of
1020 2473 47 19 the
1089 2476 83 16 seven
1190 2471 133 24 motions,
1348 2476 44 19 or,

863 2501 187 25 Terpsichore
1071 2499 166 20 unchained.
1277 2499 49 20 See

864 2529 167 25 HOLLANDER,
1055 2528 78 20 JOHN.

815 2581 170 25 UNIVERSITY
1004 2583 34 22 OF
1055 2580 150 30 DELAWARE,
1227 2580 116 24 NEWARK.

850 2613 184 26 Proceedings
1056 2614 31 19 of
1109 2613 46 20 the
1176 2612 154 26 Symposium
1349 2618 32 15 on

883 2644 68 24 Long
968 2643 98 21 Waves.
1107 2642 48 21 See
1176 2641 154 22 SYMPOSIUM
1349 2642 32 21 ON

883 2673 67 21 LONG
968 2671 99 27 WAVES,
1090 2671 171 21 UNIVERSITY
1281 2671 32 21 OF

883 2701 151 26 DELAWARE,
1056 2700 79 25 1970.

799 2750 173 22 UNIVERSITY
990 2751 33 21 OF
1041 2749 149 30 DELAWARE,
1214 2750 113 24 NEWARK.

834 2780 119 22 COLLEGE
973 2782 33 20 OF
1023 2781 101 21 MARINE
1144 2782 132 22 STUDIES.

834 2811 48 20 The
902 2811 84 25 guide
1007 2811 31 21 to
1059 2811 48 20 the
1126 2813 120 24 geology
1265 2813 32 20 of

868 2839 171 21 Delaware's
1058 2841 118 20 coastal
1197 2841 216 21 environments.

869 2868 48 20 See
938 2868 97 26 KRAFT,
1058 2869 67 20 JOHN
1145 2869 165 21 CHRISTIAN.

808 2925 171 22 UNIVERSITY
998 2925 32 20 OF
1048 2924 115 21 DENVER.

843 2955 48 21 The
911 2955 102 20 French
1032 2954 67 21 left
1118 2954 49 19 and
1188 2953 135 25 European
877 2953 531 56 integration.
1050 2982 48 20 See
1119 2981 150 26 CHARLTON,
1291 2981 51 20 SUE

878 3013 85 20 ELLEN
980 3013 28 20 M.

1587 242 120 22 Nuclear
1727 242 272 26 nonproliferation
2021 242 30 20 in
1622 242 532 51 international
1778 271 148 26 politics:
1950 270 49 21 the
2018 269 137 26 Japanese

1623 307 78 14 case.
1743 300 49 21 See
1810 299 151 26 WILLIAMS,
1984 298 120 22 SHELTON
2123 298 27 22 L.

1555 351 171 23 UNIVERSITY
1744 353 33 21 OF
1795 353 115 22 DENVER.
1951 354 48 20 See

1589 383 85 21 PRIZE
1692 385 97 26 POEMS,
1814 379 164 30 1968-1972.

0 0 0 0 UNIVERSITY OF DENVER, COLLEGE OF
1584 462 135 23 BUSINESS
1738 462 252 24 ADMINISTRATION.
2033 464 136 22 DIVISION

1584 492 33 22 OF
1636 491 147 24 RESEARCH.

1584 521 137 27 Bayesian
1740 523 136 20 decision
1894 523 84 20 model
1999 524 49 19 for
1620 524 512 48 portfolio
1724 552 163 20 selection.
1930 551 48 22 See
1997 551 97 27 KUARK,

1619 579 69 21 JOHN
1705 580 26 21 Y.
1757 580 26 21 T.

1585 616 67 20 What
1672 617 62 20 U.S.
1759 617 168 20 economists
1948 617 85 20 think
2052 617 82 20 about
2156 617 46 21 the

1620 651 51 15 new
1690 647 133 19 economic
1844 651 132 21 program.
2016 647 49 20 See
2086 647 96 25 DRURY,

1620 676 84 20 DORIS
1723 677 29 20 M.

1544 726 173 23 UNIVERSITY
1736 727 33 21 OF
1788 727 113 22 DENVER.
1943 727 118 21 COLLEGE
2080 727 34 21 OF
1582 727 617 50 BUSINESS
1664 756 254 22 ADMINISTRATION.
1960 758 137 20 DIVISION
2114 758 33 20 OF

1581 786 148 21 RESEARCH.
1770 787 49 20 See

1582 815 170 20 INNOVATIVE
1771 815 135 20 TEACHING
1925 815 183 22 TECHNIQUES.

1563 873 173 22 UNIVERSITY
1754 874 32 20 OF
1806 873 114 22 DENVER.
1960 873 80 22 DEPT.
2064 873 33 21 OF

1598 903 132 22 ENGLISH.
1771 903 49 20 See

1598 932 85 21 PRIZE
1702 932 98 26 POEMS,
1824 927 164 30 1968-1972.

1563 989 173 21 UNIVERSITY
1754 990 33 20 OF
1804 989 169 20 EDINBURGH.

1597 1019 121 26 Biology
1736 1019 49 20 and
1805 1019 167 25 knowledge:
1996 1024 32 15 an
2048 1023 83 21 essay
2150 1023 31 16 on

1633 1047 48 21 the
1702 1047 152 21 relations
1873 1047 103 20 betwen
1996 1046 117 26 organic

1633 1076 187 26 regulations
1840 1075 49 21 and
1910 1075 151 26 cognitive
1634 1080 496 45 processes.
1790 1105 47 20 See
1859 1104 113 26 PIAGET,
1997 1103 79 21 JEAN.

1554 1153 172 21 UNIVERSITY
1744 1154 33 20 OF
1797 1154 131 27 GEORGIA,
1950 1155 116 22 ATHENS.
2107 1157 102 20 CENTER

1588 1183 51 20 FOR
1658 1184 171 21 CONTINUING
1846 1185 168 22 EDUCATION.
2055 1186 48 20 See

1587 1212 51 20 THE
1658 1212 152 21 CHALLENGE
1830 1214 33 19 OF
1882 1214 51 20 NEW
1951 1215 169 20 DIRECTIONS
2140 1216 32 19 IN

1623 1241 100 21 CAMPUS
1744 1243 51 20 LAW
1812 1244 202 21 ENFORCEMENT.

1552 1297 172 22 UNIVERSITY
1743 1298 33 21 OF
1795 1299 132 26 GEORGIA,
1948 1299 116 22 ATHENS.
2106 1301 100 21 OFFICE

1588 1325 33 20 OF
1641 1325 136 21 COMPUTER
1793 1326 185 21 ACTIVITIES.

1587 1355 50 20 The
1656 1355 173 25 University
1847 1356 32 20 of
1899 1356 118 24 Georgia
1622 1361 531 43 procurement
1710 1384 204 21 confirmation
1935 1385 164 25 subsystem.
2139 1386 48 20 See

1623 1412 256 27 ROLLO, PATRICIA O.
1590 1450 49 21 The
1659 1451 172 27 University
1850 1453 33 20 of
1901 1453 117 26 Georgia
2038 1456 151 25 Telephone

1624 1480 120 26 Billing
1762 1481 115 26 System.
1918 1483 48 21 See
1988 1484 97 27 JONES,
1622 1509 87 21 ELLEN
1726 1511 31 20 W.

1596 1553 49 21 The
1665 1554 172 25 University
1856 1555 32 19 of
1907 1555 119 24 Georgia
2047 1555 115 20 vehicle

1629 1583 171 24 management
1822 1584 113 24 system.
1976 1584 49 20 See
2044 1583 132 27 ANDREWS,
1629 1612 71 22 KARL
1716 1614 29 20 M.

1546 1662 173 24 UNIVERSITY
1738 1663 33 22 OF
1788 1660 133 29 GEORGIA,
1943 1660 116 23 ATHENS.
1581 1660 568 55 STUDENT
1669 1692 166 22 JUDICIARY.

1583 1722 136 21 Handbook
1739 1723 48 19 for
1808 1722 133 24 justices
1963 1721 49 20 for
2033 1721 47 19 the
1617 1720 583 57 University
1704 1752 32 19 of
1754 1750 119 26 Georgia
1893 1750 118 20 Student
2032 1749 165 24 Judiciary.

1617 1781 48 20 See
1686 1780 114 26 HARRIS,
1823 1779 69 20 EARL
1910 1779 28 20 D.

1552 1838 172 22 UNIVERSITY
1746 1837 31 20 OF
1796 1834 119 22 GEORGIA
1934 1831 138 23 COMPUTER
1588 1866 172 23 ACTIVITIES
1781 1864 113 21 OFFICE.
1936 1862 47 20 See
2003 1858 170 23 UNIVERSITY
2194 1857 32 20 OF

1589 1895 134 26 GEORGIA,
1744 1893 116 21 ATHENS.
1902 1890 101 21 OFFICE
2024 1889 31 20 OF
2074 1886 135 22 COMPUTER
1589 1924 185 22 ACTIVITIES.

1549 1989 173 22 UNIVERSITY
1740 1988 33 21 OF
1792 1985 119 23 GEORGIA
1931 1984 95 22 PRESS.

1584 2019 50 22 The
1655 2019 49 20 art
1724 2018 32 20 of
1777 2017 47 20 the
1842 2016 103 21 Middle
1965 2014 119 26 English
2104 2012 94 26 lyric.
1620 2048 49 21 See
1690 2047 97 25 REISS,
1809 2045 115 21 EDMUND.

1586 2082 117 27 Carlyle
1722 2082 49 21 and
1791 2082 131 22 Dickens.
1965 2082 49 22 See
2033 2082 149 28 GOLDBERG,
1618 2114 132 20 MICHAEL.

1601 2152 117 24 Charity
1737 2152 33 19 in
1789 2151 49 19 the
1858 2149 101 21 novels
1980 2148 31 21 of
2031 2148 113 20 Galdos.
1635 2181 48 20 See
1704 2180 114 25 PENUEL,
1840 2179 104 20 ARNOLD
1961 2179 30 20 M.

1593 2215 102 21 Daniel
1715 2215 63 24 Lee,
1801 2212 236 27 agriculturist:
2059 2211 49 20 his
2129 2210 64 20 life

1628 2244 85 20 North
1733 2244 49 19 and
1801 2242 98 20 South.
1939 2241 49 20 See
2009 2240 131 25 COULTER,
1628 2274 30 20 E.
1680 2272 115 21 MERTON.

1592 2303 169 25 Nightmares
1783 2305 49 20 and
1853 2305 131 21 visions:
2007 2306 136 25 Flannery
1628 2332 135 22 O'Connor
1783 2335 47 19 and
1852 2334 48 21 the
1921 2335 134 20 Catholic
2076 2336 164 24 grotesque.

1627 2363 48 20 See
1695 2364 116 25 MULLER,
1833 2364 120 21 GILBERT
1972 2365 28 20 H.

1601 2403 83 26 Party
1703 2402 171 26 propaganda
1892 2401 85 21 under
1997 2399 84 25 Queen
2099 2399 78 20 Anne.

1635 2430 325 27 See RICHARDS, JAMES O.
1600 2468 49 23 The
1668 2469 67 22 role
1757 2468 30 22 of
1806 2468 50 22 the
1875 2468 102 22 Yankee
1996 2467 34 22 in
2048 2467 49 22 the
2119 2467 45 21 Old

1635 2498 95 20 South.
1773 2498 48 20 See
1841 2498 98 26 GREEN,
1962 2498 137 20 FLETCHER
2116 2498 26 19 M.

1603 2538 50 20 The
1672 2538 102 20 writer
1795 2538 31 19 in
1846 2537 48 20 the
1915 2537 95 20 South:
2037 2535 114 21 studies

1640 2567 31 20 in
1691 2572 15 14 a
1726 2567 133 24 literary
1880 2565 165 24 community.
2087 2565 47 19 See

1638 2596 98 25 RUBIN,
1759 2595 83 20 LOUIS
1863 2595 46 25 D.,
1932 2595 46 19 JR.

1579 2649 175 23 UNIVERSITY
1771 2650 33 22 OF
1821 2650 119 22 GEORGIA
1960 2650 98 22 PRESS.
2098 2650 47 21 See

1615 2680 136 21 DETAILED
1770 2681 119 20 REPORTS
1909 2681 32 20 ON
1960 2680 50 21 THE
2029 2679 170 21 SALZBURGER

1649 2709 153 21 EMIGRANTS
1820 2710 52 20 WHO
1891 2709 119 20 SETTLED
2029 2709 33 20 IN
2078 2708 133 21 AMERICA.

1555 2771 172 21 UNIVERSITY
1746 2770 33 20 OF
1797 2768 150 21 HARTFORD.
1987 2766 67 21 JOHN
2073 2766 29 21 C.

1591 2800 119 21 LINCOLN
1729 2798 166 21 INSTITUTE.

1592 2829 185 21 Innovations
1799 2828 31 19 in
1850 2828 50 19 tax
1918 2826 102 25 policy
2039 2825 48 20 and
2108 2825 82 20 other

1626 2864 115 19 essays.
1781 2858 48 20 See
1850 2856 131 25 HARRISS,
2005 2855 28 20 C.
2057 2855 113 19 LOWELL.

1560 2909 173 21 UNIVERSITY
1750 2909 33 20 OF
1802 2907 114 26 HAWAII,
1939 2906 148 21 HONOLULU.
2127 2905 85 21 ASIAN

1596 2939 117 20 STUDIES
1732 2937 132 21 PROGRAM.

1595 2968 49 20 Hai
1664 2968 49 20 Jui
1733 2966 152 21 dismissed
1906 2966 66 19 from
1991 2965 113 20 office.
2145 2965 47 19 See
1630 2997 63 25 HAN,
1713 2996 49 20 WU.
