<alto xmlns="http://www.loc.gov/standards/alto/ns-v3#" xmlns:xlink="http://www.w3.org/1999/xlink" xmlns:xsi="http://www.w3.org/2001/XMLSchema-instance" xsi:schemaLocation="http://www.loc.gov/standards/alto/ns-v3# http://www.loc.gov/alto/v3/alto-3-0.xsd"><Description>
<MeasurementUnit>pixel</MeasurementUnit>
<sourceImageInformation>
<fileName>1972_v26_2.pdf</fileName>
</sourceImageInformation>
<OCRProcessing ID="IdOcr">
<ocrProcessingStep>
<processingDateTime>2020-06-26</processingDateTime>
<processingSoftware>
<softwareCreator>ABBYY</softwareCreator>
<softwareName>ABBYY Recognition Server</softwareName>
<softwareVersion>4.0</softwareVersion>
</processingSoftware>
</ocrProcessingStep>
</OCRProcessing>
</Description>
<Styles>
<ParagraphStyle ID="StyleId-FFFFFFFF-FFFF-FFFF-FFFF-FFFFFFFFFFFF-" ALIGN="Left" LEFT="0." RIGHT="0." FIRSTLINE="0."/>
<ParagraphStyle ID="StyleId-A8FB3759-1972-4273-9478-80D942DE3FB9-" ALIGN="Left" LEFT="0." RIGHT="0." FIRSTLINE="0." LINESPACE="17.52000046"/>
<ParagraphStyle ID="StyleId-097DE5D5-38DA-4710-B1D8-6B9C62BF05EE-" ALIGN="Center" LEFT="0." RIGHT="0." FIRSTLINE="0." LINESPACE="15.5"/>
<ParagraphStyle ID="StyleId-C36446E9-6671-40BE-8E1A-373B0AA9E5C4-" ALIGN="Center" LEFT="0." RIGHT="0." FIRSTLINE="0." LINESPACE="12.19999981"/>
<ParagraphStyle ID="StyleId-2E56792C-5E97-4C84-AEF0-BD293EB50114-" ALIGN="Left" LEFT="0." RIGHT="0." FIRSTLINE="-11." LINESPACE="6.71999979"/>
<ParagraphStyle ID="StyleId-72CFFFBD-FF30-4C79-8018-9B7F507D3551-" ALIGN="Left" LEFT="0." RIGHT="0." FIRSTLINE="-13." LINESPACE="6.71999979"/>
<ParagraphStyle ID="StyleId-450B5F75-213A-4DF5-A6F5-6009416A0793-" ALIGN="Left" LEFT="0." RIGHT="0." FIRSTLINE="-15." LINESPACE="7.400000095"/>
<ParagraphStyle ID="StyleId-A343E30D-9943-4643-A118-293DFC2A3146-" ALIGN="Left" LEFT="0." RIGHT="0." FIRSTLINE="0."/>
<ParagraphStyle ID="StyleId-B826D5B2-0113-4C0E-B9F3-DFBCDDF4DC5D-" ALIGN="Block" LEFT="0." RIGHT="0." FIRSTLINE="0." LINESPACE="13.68000031"/>
<ParagraphStyle ID="StyleId-29AB53B5-D5E0-4F85-B3CC-FDEB919FD9B8-" ALIGN="Left" LEFT="0." RIGHT="0." FIRSTLINE="-11." LINESPACE="6.71999979"/>
<ParagraphStyle ID="StyleId-00F4EA1F-95E6-49E8-9590-A68C1CE0CE91-" ALIGN="Left" LEFT="0." RIGHT="0." FIRSTLINE="0." LINESPACE="6.71999979"/>
<ParagraphStyle ID="StyleId-49BBE7CB-E6BE-4434-BDF8-87D56ECD56A1-" ALIGN="Left" LEFT="0." RIGHT="0." FIRSTLINE="0." LINESPACE="6.960000038"/>
<ParagraphStyle ID="StyleId-5AA2D951-7D59-4FA7-B346-AA73C4546B08-" ALIGN="Left" LEFT="0." RIGHT="0." FIRSTLINE="-12." LINESPACE="6.71999979"/>
<ParagraphStyle ID="StyleId-82BF7467-1925-4EF5-9774-32BBAB40FCAF-" ALIGN="Left" LEFT="0." RIGHT="0." FIRSTLINE="0." LINESPACE="6.71999979"/>
<ParagraphStyle ID="StyleId-90BF7737-60B8-4EE4-95A4-FCBDC3CE9BE6-" ALIGN="Left" LEFT="0." RIGHT="0." FIRSTLINE="0." LINESPACE="7.699999809"/>
<ParagraphStyle ID="StyleId-6D85B3DE-7D5D-4486-BB76-A1F2079812BB-" ALIGN="Left" LEFT="0." RIGHT="0." FIRSTLINE="0." LINESPACE="6.71999979"/>
<ParagraphStyle ID="StyleId-3B80990B-0291-4E77-8CA2-68F527DABD13-" ALIGN="Left" LEFT="0." RIGHT="0." FIRSTLINE="0." LINESPACE="8.899999619"/>
<ParagraphStyle ID="StyleId-E8F83221-6E6D-48A1-B171-5726A8FF783D-" ALIGN="Left" LEFT="0." RIGHT="0." FIRSTLINE="0." LINESPACE="6.71999979"/>
<ParagraphStyle ID="StyleId-D4441A72-FDE0-46F5-969A-43DA1EAB5782-" ALIGN="Left" LEFT="0." RIGHT="0." FIRSTLINE="-11." LINESPACE="7.400000095"/>
<ParagraphStyle ID="StyleId-07F52FB3-7C86-4A9C-8825-B4D41084FD3E-" ALIGN="Left" LEFT="0." RIGHT="0." FIRSTLINE="0." LINESPACE="6.71999979"/>
<ParagraphStyle ID="StyleId-D265295C-C1F1-4742-97AB-EABA8163C1B2-" ALIGN="Left" LEFT="0." RIGHT="0." FIRSTLINE="0." LINESPACE="6.960000038"/>
<ParagraphStyle ID="StyleId-D9DDB820-8466-4431-89B6-0E9996654AF7-" ALIGN="Left" LEFT="0." RIGHT="0." FIRSTLINE="0." LINESPACE="8.300000191"/>
<ParagraphStyle ID="StyleId-48BFE61D-E507-4B43-B51C-A3E54F909289-" ALIGN="Left" LEFT="0." RIGHT="0." FIRSTLINE="0." LINESPACE="8.5"/>
<ParagraphStyle ID="StyleId-D8A0D5A3-11F2-4605-B291-208C64AFDEF3-" ALIGN="Left" LEFT="0." RIGHT="0." FIRSTLINE="0." LINESPACE="6.960000038"/>
</Styles>
<Layout>
<Page ID="Page2893" PHYSICAL_IMG_NR="2893" HEIGHT="3304" WIDTH="2383">
<TopMargin HEIGHT="245" WIDTH="2383" VPOS="0" HPOS="0">
<TextBlock ID="Page2893_Block1" HEIGHT="39" WIDTH="70" VPOS="122" HPOS="72" LANG="en-US" CS="1" STYLEREFS="StyleId-C10BCA49-60F1-4D05-AA4F-81BBA74F43EA-">
<Shape>
<Polygon POINTS="112,122 141,122 141,141 142,141 142,160 115,160 115,161 73,161 73,145 72,145 72,123 112,123 112,122"/>
</Shape>
<TextLine HEIGHT="0" WIDTH="0" VPOS="0" HPOS="0" CS="1">
<String CS="1" CONTENT="2893"/>
</TextLine>
</TextBlock>
</TopMargin>
<LeftMargin HEIGHT="2691" WIDTH="35" VPOS="245" HPOS="0">
</LeftMargin>
<RightMargin HEIGHT="2691" WIDTH="136" VPOS="245" HPOS="2247">
</RightMargin>
<BottomMargin HEIGHT="368" WIDTH="2383" VPOS="2936" HPOS="0">
</BottomMargin>
<PrintSpace HEIGHT="2691" WIDTH="2212" VPOS="245" HPOS="35">
<ComposedBlock ID="Page2893_Block2" HEIGHT="2686" WIDTH="1493" VPOS="250" HPOS="35" TYPE="container">
<Shape>
<Polygon POINTS="1405,250 1522,250 1522,572 1523,572 1523,1004 1524,1004 1524,1435 1525,1435 1525,1866 1526,1866 1526,2297 1527,2297 1527,2728 1528,2728 1528,2932 1409,2932 1409,2933 978,2933 978,2934 546,2934 546,2935 115,2935 115,2936 41,2936 41,2732 40,2732 40,2300 39,2300 39,1869 38,1869 38,1438 37,1438 37,1007 36,1007 36,576 35,576 35,254 112,254 112,253 543,253 543,252 974,252 974,251 1405,251 1405,250"/>
</Shape>
<TextBlock ID="Page2893_Block3" HEIGHT="2684" WIDTH="729" VPOS="252" HPOS="35" LANG="en-US" CS="1" STYLEREFS="StyleId-79E9300B-4F40-40BB-B223-7B5C77328C4C-">
<Shape>
<Polygon POINTS="543,252 758,252 758,572 759,572 759,1004 760,1004 760,1435 761,1435 761,1866 762,1866 762,2297 763,2297 763,2728 764,2728 764,2934 546,2934 546,2935 115,2935 115,2936 41,2936 41,2732 40,2732 40,2300 39,2300 39,1869 38,1869 38,1438 37,1438 37,1007 36,1007 36,576 35,576 35,254 112,254 112,253 543,253 543,252"/>
</Shape>
<TextLine HEIGHT="26" WIDTH="199" VPOS="259" HPOS="61">
<String CONTENT="HARMS," HEIGHT="26" WIDTH="98" VPOS="259" HPOS="61"/>
<SP HEIGHT="24" WIDTH="22" VPOS="260" HPOS="160"/>
<String CONTENT="HARM." HEIGHT="20" WIDTH="77" VPOS="259" HPOS="183"/>
</TextLine>
<TextLine HEIGHT="28" WIDTH="549" VPOS="284" HPOS="96">
<String CONTENT="Methods" HEIGHT="23" WIDTH="118" VPOS="287" HPOS="96"/>
<SP HEIGHT="15" WIDTH="19" VPOS="291" HPOS="215"/>
<String CONTENT="of" HEIGHT="20" WIDTH="31" VPOS="286" HPOS="235"/>
<SP HEIGHT="20" WIDTH="19" VPOS="286" HPOS="267"/>
<String CONTENT="teaching" HEIGHT="25" WIDTH="133" VPOS="286" HPOS="287"/>
<SP HEIGHT="25" WIDTH="18" VPOS="286" HPOS="421"/>
<String CONTENT="business" HEIGHT="21" WIDTH="134" VPOS="284" HPOS="440"/>
<SP HEIGHT="15" WIDTH="20" VPOS="289" HPOS="575"/>
<String CONTENT="and" HEIGHT="20" WIDTH="49" VPOS="284" HPOS="596"/>
</TextLine>
<TextLine HEIGHT="26" WIDTH="530" VPOS="313" HPOS="132">
<String CONTENT="distributive" HEIGHT="20" WIDTH="201" VPOS="316" HPOS="132"/>
<SP HEIGHT="14" WIDTH="19" VPOS="320" HPOS="334"/>
<String CONTENT="education," HEIGHT="23" WIDTH="165" VPOS="315" HPOS="354"/>
<SP HEIGHT="25" WIDTH="23" VPOS="313" HPOS="520"/>
<String CONTENT="by" HEIGHT="25" WIDTH="30" VPOS="313" HPOS="544"/>
<SP HEIGHT="23" WIDTH="19" VPOS="315" HPOS="575"/>
<String CONTENT="Harm" HEIGHT="19" WIDTH="67" VPOS="315" HPOS="595"/>
</TextLine>
<TextLine HEIGHT="28" WIDTH="513" VPOS="341" HPOS="131">
<String CONTENT="Harms," HEIGHT="22" WIDTH="96" VPOS="347" HPOS="131"/>
<SP HEIGHT="23" WIDTH="22" VPOS="346" HPOS="228"/>
<String CONTENT="B." HEIGHT="19" WIDTH="27" VPOS="346" HPOS="251"/>
<SP HEIGHT="20" WIDTH="22" VPOS="345" HPOS="279"/>
<String CONTENT="W." HEIGHT="21" WIDTH="27" VPOS="345" HPOS="302"/>
<SP HEIGHT="20" WIDTH="23" VPOS="346" HPOS="330"/>
<String CONTENT="Stehr" HEIGHT="20" WIDTH="83" VPOS="345" HPOS="354"/>
<SP HEIGHT="19" WIDTH="18" VPOS="345" HPOS="438"/>
<String CONTENT="&amp;" HEIGHT="19" WIDTH="15" VPOS="345" HPOS="457"/>
<SP HEIGHT="19" WIDTH="17" VPOS="345" HPOS="473"/>
<String CONTENT="E." HEIGHT="20" WIDTH="27" VPOS="345" HPOS="491"/>
<SP HEIGHT="22" WIDTH="23" VPOS="343" HPOS="519"/>
<String CONTENT="Edward" HEIGHT="22" WIDTH="101" VPOS="341" HPOS="543"/>
</TextLine>
<TextLine HEIGHT="26" WIDTH="598" VPOS="370" HPOS="131">
<String CONTENT="Harris." HEIGHT="21" WIDTH="113" VPOS="374" HPOS="131"/>
<SP HEIGHT="23" WIDTH="39" VPOS="373" HPOS="245"/>
<String CONTENT="3d" HEIGHT="24" WIDTH="32" VPOS="372" HPOS="285"/>
<SP HEIGHT="21" WIDTH="18" VPOS="372" HPOS="318"/>
<String CONTENT="ed." HEIGHT="19" WIDTH="43" VPOS="373" HPOS="337"/>
<SP HEIGHT="20" WIDTH="40" VPOS="373" HPOS="381"/>
<String CONTENT="Cincinnati," HEIGHT="25" WIDTH="183" VPOS="370" HPOS="422"/>
<SP HEIGHT="23" WIDTH="23" VPOS="371" HPOS="606"/>
<String CONTENT="South-" HEIGHT="21" WIDTH="99" VPOS="370" HPOS="630"/>
</TextLine>
<TextLine HEIGHT="27" WIDTH="582" VPOS="399" HPOS="131">
<String CONTENT="Western" HEIGHT="21" WIDTH="118" VPOS="403" HPOS="131"/>
<SP HEIGHT="18" WIDTH="17" VPOS="405" HPOS="250"/>
<String CONTENT="Pub." HEIGHT="20" WIDTH="62" VPOS="403" HPOS="268"/>
<SP HEIGHT="21" WIDTH="20" VPOS="402" HPOS="331"/>
<String CONTENT="Co." HEIGHT="21" WIDTH="45" VPOS="402" HPOS="352"/>
<SP HEIGHT="24" WIDTH="40" VPOS="402" HPOS="398"/>
<String CONTENT="552" HEIGHT="26" WIDTH="50" VPOS="400" HPOS="439"/>
<SP HEIGHT="26" WIDTH="19" VPOS="400" HPOS="490"/>
<String CONTENT="p." HEIGHT="20" WIDTH="25" VPOS="406" HPOS="510"/>
<SP HEIGHT="21" WIDTH="39" VPOS="399" HPOS="536"/>
<String CONTENT="&#169;" HEIGHT="20" WIDTH="20" VPOS="399" HPOS="576"/>
<SP HEIGHT="21" WIDTH="14" VPOS="399" HPOS="597"/>
<String CONTENT="South-" HEIGHT="21" WIDTH="101" VPOS="399" HPOS="612"/>
</TextLine>
<TextLine HEIGHT="32" WIDTH="566" VPOS="424" HPOS="131" CS="1">
<String CONTENT="Western" HEIGHT="21" WIDTH="118" VPOS="432" HPOS="131"/>
<SP HEIGHT="19" WIDTH="17" VPOS="433" HPOS="250"/>
<String CONTENT="Pub." HEIGHT="21" WIDTH="61" VPOS="431" HPOS="268"/>
<SP HEIGHT="19" WIDTH="22" VPOS="433" HPOS="330"/>
<String CONTENT="Co.;" HEIGHT="23" WIDTH="63" VPOS="433" HPOS="353"/>
<SP HEIGHT="30" WIDTH="23" VPOS="426" HPOS="417"/>
<String CONTENT="4Oct72;" HEIGHT="30" WIDTH="113" VPOS="425" HPOS="441"/>
<SP HEIGHT="24" WIDTH="23" VPOS="430" HPOS="555"/>
<!-- cceid B8B9DA6C-6E5A-1014-8662-AF35A7EA7700 --><String CS="1" CONTENT="A382347." HEIGHT="28" WIDTH="118" VPOS="424" HPOS="579"/>
</TextLine>
<TextLine HEIGHT="28" WIDTH="563" VPOS="489" HPOS="47" CS="1">
<String CONTENT="HARMSTONE," HEIGHT="27" WIDTH="166" VPOS="490" HPOS="47"/>
<SP HEIGHT="25" WIDTH="21" VPOS="491" HPOS="214"/>
<String CONTENT="TERESA" HEIGHT="21" WIDTH="100" VPOS="491" HPOS="236"/>
<SP HEIGHT="20" WIDTH="19" VPOS="492" HPOS="337"/>
<String CONTENT="RAKOWSKA-." HEIGHT="22" WIDTH="164" VPOS="492" HPOS="357"/>
<SP HEIGHT="21" WIDTH="40" VPOS="493" HPOS="522"/>
<String CONTENT="See" HEIGHT="20" WIDTH="47" VPOS="493" HPOS="563"/>
</TextLine>
<TextLine HEIGHT="29" WIDTH="456" VPOS="519" HPOS="82">
<String CONTENT="RAKOWSKA-HARMSTONE," HEIGHT="29" WIDTH="319" VPOS="519" HPOS="82"/>
<SP HEIGHT="25" WIDTH="20" VPOS="522" HPOS="402"/>
<String CONTENT="TERESA." HEIGHT="22" WIDTH="115" VPOS="522" HPOS="423"/>
</TextLine>
<TextLine HEIGHT="27" WIDTH="319" VPOS="571" HPOS="58">
<String CONTENT="HARMUTH," HEIGHT="27" WIDTH="133" VPOS="571" HPOS="58"/>
<SP HEIGHT="25" WIDTH="22" VPOS="572" HPOS="191"/>
<String CONTENT="HENNING" HEIGHT="21" WIDTH="118" VPOS="572" HPOS="213"/>
<SP HEIGHT="22" WIDTH="18" VPOS="572" HPOS="331"/>
<String CONTENT="F." HEIGHT="20" WIDTH="28" VPOS="574" HPOS="349"/>
</TextLine>
<TextLine HEIGHT="30" WIDTH="514" VPOS="599" HPOS="92">
<String CONTENT="Transmission" HEIGHT="25" WIDTH="206" VPOS="600" HPOS="92"/>
<SP HEIGHT="15" WIDTH="16" VPOS="606" HPOS="299"/>
<String CONTENT="of" HEIGHT="19" WIDTH="31" VPOS="602" HPOS="316"/>
<SP HEIGHT="19" WIDTH="20" VPOS="602" HPOS="348"/>
<String CONTENT="information" HEIGHT="22" WIDTH="186" VPOS="601" HPOS="369"/>
<SP HEIGHT="19" WIDTH="16" VPOS="603" HPOS="556"/>
<String CONTENT="by" HEIGHT="24" WIDTH="33" VPOS="603" HPOS="573"/>
</TextLine>
<TextLine HEIGHT="26" WIDTH="491" VPOS="628" HPOS="128" CS="1">
<String CONTENT="orthogonal" HEIGHT="25" WIDTH="167" VPOS="629" HPOS="128"/>
<SP HEIGHT="21" WIDTH="20" VPOS="629" HPOS="296"/>
<String CONTENT="functions." HEIGHT="23" WIDTH="164" VPOS="630" HPOS="317"/>
<SP HEIGHT="20" WIDTH="40" VPOS="633" HPOS="482"/>
<String CONTENT="2d" HEIGHT="21" WIDTH="30" VPOS="631" HPOS="523"/>
<SP HEIGHT="20" WIDTH="19" VPOS="631" HPOS="554"/>
<String CONTENT="ed." HEIGHT="21" WIDTH="45" VPOS="632" HPOS="574"/>
</TextLine>
<TextLine HEIGHT="30" WIDTH="595" VPOS="657" HPOS="127">
<String CONTENT="Berlin," HEIGHT="25" WIDTH="115" VPOS="658" HPOS="127"/>
<SP HEIGHT="24" WIDTH="21" VPOS="659" HPOS="243"/>
<String CONTENT="New" HEIGHT="19" WIDTH="50" VPOS="659" HPOS="265"/>
<SP HEIGHT="19" WIDTH="14" VPOS="660" HPOS="316"/>
<String CONTENT="York," HEIGHT="25" WIDTH="81" VPOS="660" HPOS="331"/>
<SP HEIGHT="24" WIDTH="21" VPOS="661" HPOS="413"/>
<String CONTENT="Springer." HEIGHT="26" WIDTH="149" VPOS="660" HPOS="435"/>
<SP HEIGHT="23" WIDTH="37" VPOS="661" HPOS="585"/>
<String CONTENT="393" HEIGHT="25" WIDTH="49" VPOS="660" HPOS="623"/>
<SP HEIGHT="25" WIDTH="20" VPOS="661" HPOS="673"/>
<String CONTENT="p." HEIGHT="20" WIDTH="28" VPOS="666" HPOS="694"/>
</TextLine>
<TextLine HEIGHT="31" WIDTH="510" VPOS="685" HPOS="126">
<String CONTENT="Appl." HEIGHT="26" WIDTH="79" VPOS="686" HPOS="126"/>
<SP HEIGHT="15" WIDTH="23" VPOS="692" HPOS="206"/>
<String CONTENT="author:" HEIGHT="21" WIDTH="111" VPOS="687" HPOS="230"/>
<SP HEIGHT="19" WIDTH="24" VPOS="689" HPOS="342"/>
<String CONTENT="Springer-Verlag," HEIGHT="28" WIDTH="269" VPOS="688" HPOS="367"/>
</TextLine>
<TextLine HEIGHT="30" WIDTH="528" VPOS="714" HPOS="128">
<String CONTENT="employer" HEIGHT="26" WIDTH="134" VPOS="715" HPOS="128"/>
<SP HEIGHT="21" WIDTH="17" VPOS="716" HPOS="263"/>
<String CONTENT="for" HEIGHT="21" WIDTH="48" VPOS="716" HPOS="281"/>
<SP HEIGHT="20" WIDTH="17" VPOS="718" HPOS="330"/>
<String CONTENT="hire." HEIGHT="21" WIDTH="80" VPOS="718" HPOS="348"/>
<SP HEIGHT="20" WIDTH="37" VPOS="719" HPOS="429"/>
<String CONTENT="&#169;" HEIGHT="19" WIDTH="20" VPOS="719" HPOS="467"/>
<SP HEIGHT="20" WIDTH="16" VPOS="719" HPOS="488"/>
<String CONTENT="Springer-" HEIGHT="26" WIDTH="151" VPOS="718" HPOS="505"/>
</TextLine>
<TextLine HEIGHT="30" WIDTH="458" VPOS="743" HPOS="125" CS="1">
<String CONTENT="Verlag;" HEIGHT="26" WIDTH="115" VPOS="745" HPOS="125"/>
<SP HEIGHT="25" WIDTH="22" VPOS="746" HPOS="241"/>
<String CONTENT="25May72;" HEIGHT="27" WIDTH="129" VPOS="746" HPOS="264"/>
<SP HEIGHT="25" WIDTH="22" VPOS="748" HPOS="394"/>
<!-- cceid B8BCF1B5-6E5A-1014-8662-AF35A7EA7700 --><String CS="1" CONTENT="AF0-69749." HEIGHT="30" WIDTH="113" VPOS="743" HPOS="470"/>
</TextLine>
<TextLine HEIGHT="30" WIDTH="388" VPOS="815" HPOS="53">
<String CONTENT="HARMUTH," HEIGHT="29" WIDTH="131" VPOS="815" HPOS="53"/>
<SP HEIGHT="26" WIDTH="21" VPOS="817" HPOS="185"/>
<String CONTENT="JOSEPH" HEIGHT="20" WIDTH="102" VPOS="817" HPOS="207"/>
<SP HEIGHT="22" WIDTH="16" VPOS="817" HPOS="310"/>
<String CONTENT="T.," HEIGHT="27" WIDTH="47" VPOS="817" HPOS="327"/>
<SP HEIGHT="26" WIDTH="19" VPOS="818" HPOS="375"/>
<String CONTENT="JR." HEIGHT="21" WIDTH="46" VPOS="818" HPOS="395"/>
</TextLine>
<TextLine HEIGHT="29" WIDTH="597" VPOS="844" HPOS="88">
<String CONTENT="Pneumatic" HEIGHT="22" WIDTH="150" VPOS="845" HPOS="88"/>
<SP HEIGHT="20" WIDTH="18" VPOS="851" HPOS="239"/>
<String CONTENT="pressure" HEIGHT="20" WIDTH="135" VPOS="851" HPOS="258"/>
<SP HEIGHT="20" WIDTH="20" VPOS="847" HPOS="394"/>
<String CONTENT="tester" HEIGHT="20" WIDTH="99" VPOS="847" HPOS="415"/>
<SP HEIGHT="20" WIDTH="18" VPOS="847" HPOS="515"/>
<String CONTENT="for" HEIGHT="21" WIDTH="51" VPOS="846" HPOS="534"/>
<SP HEIGHT="20" WIDTH="16" VPOS="851" HPOS="586"/>
<String CONTENT="glass" HEIGHT="25" WIDTH="82" VPOS="846" HPOS="603"/>
</TextLine>
<TextLine HEIGHT="23" WIDTH="445" VPOS="874" HPOS="122">
<String CONTENT="containers." HEIGHT="20" WIDTH="182" VPOS="875" HPOS="122"/>
<SP HEIGHT="21" WIDTH="39" VPOS="875" HPOS="305"/>
<String CONTENT="See" HEIGHT="21" WIDTH="48" VPOS="875" HPOS="345"/>
<SP HEIGHT="19" WIDTH="16" VPOS="876" HPOS="394"/>
<String CONTENT="AUTOMATED" HEIGHT="23" WIDTH="156" VPOS="874" HPOS="411"/>
</TextLine>
<TextLine HEIGHT="28" WIDTH="357" VPOS="904" HPOS="119">
<String CONTENT="MACHINE" HEIGHT="21" WIDTH="122" VPOS="904" HPOS="119"/>
<SP HEIGHT="20" WIDTH="17" VPOS="905" HPOS="242"/>
<String CONTENT="SYSTEMS," HEIGHT="27" WIDTH="130" VPOS="905" HPOS="260"/>
<SP HEIGHT="27" WIDTH="23" VPOS="905" HPOS="391"/>
<String CONTENT="INC." HEIGHT="21" WIDTH="61" VPOS="905" HPOS="415"/>
</TextLine>
<TextLine HEIGHT="28" WIDTH="559" VPOS="945" HPOS="99">
<String CONTENT="Power" HEIGHT="22" WIDTH="83" VPOS="946" HPOS="99"/>
<SP HEIGHT="15" WIDTH="19" VPOS="951" HPOS="183"/>
<String CONTENT="semiconductor" HEIGHT="21" WIDTH="218" VPOS="946" HPOS="203"/>
<SP HEIGHT="15" WIDTH="19" VPOS="952" HPOS="422"/>
<String CONTENT="applications." HEIGHT="27" WIDTH="216" VPOS="945" HPOS="442"/>
</TextLine>
<TextLine HEIGHT="21" WIDTH="509" VPOS="975" HPOS="131" CS="1">
<String CS="1" CONTENT="Vol.1:" HEIGHT="20" WIDTH="97" VPOS="976" HPOS="131"/>
<SP HEIGHT="19" WIDTH="23" VPOS="976" HPOS="229"/>
<String CONTENT="General" HEIGHT="20" WIDTH="117" VPOS="976" HPOS="253"/>
<SP HEIGHT="20" WIDTH="18" VPOS="976" HPOS="371"/>
<String CONTENT="considerations." HEIGHT="21" WIDTH="250" VPOS="975" HPOS="390"/>
</TextLine>
<TextLine HEIGHT="28" WIDTH="549" VPOS="1003" HPOS="132">
<String CONTENT="Edited" HEIGHT="20" WIDTH="102" VPOS="1004" HPOS="132"/>
<SP HEIGHT="20" WIDTH="19" VPOS="1004" HPOS="234"/>
<String CONTENT="by" HEIGHT="25" WIDTH="33" VPOS="1004" HPOS="253"/>
<SP HEIGHT="24" WIDTH="18" VPOS="1005" HPOS="286"/>
<String CONTENT="John" HEIGHT="20" WIDTH="67" VPOS="1005" HPOS="304"/>
<SP HEIGHT="20" WIDTH="18" VPOS="1005" HPOS="371"/>
<String CONTENT="D." HEIGHT="21" WIDTH="29" VPOS="1005" HPOS="389"/>
<SP HEIGHT="21" WIDTH="23" VPOS="1005" HPOS="418"/>
<String CONTENT="Harnden," HEIGHT="27" WIDTH="132" VPOS="1004" HPOS="441"/>
<SP HEIGHT="26" WIDTH="22" VPOS="1004" HPOS="573"/>
<String CONTENT="Jr." HEIGHT="21" WIDTH="46" VPOS="1004" HPOS="595"/>
<SP HEIGHT="21" WIDTH="23" VPOS="1004" HPOS="641"/>
<String CONTENT="&amp;" HEIGHT="19" WIDTH="17" VPOS="1004" HPOS="664"/>
</TextLine>
<TextLine HEIGHT="28" WIDTH="565" VPOS="1032" HPOS="133">
<String CONTENT="Forest" HEIGHT="20" WIDTH="101" VPOS="1033" HPOS="133"/>
<SP HEIGHT="20" WIDTH="18" VPOS="1033" HPOS="235"/>
<String CONTENT="B." HEIGHT="21" WIDTH="28" VPOS="1033" HPOS="254"/>
<SP HEIGHT="19" WIDTH="21" VPOS="1035" HPOS="283"/>
<String CONTENT="Golden." HEIGHT="21" WIDTH="113" VPOS="1034" HPOS="305"/>
<SP HEIGHT="21" WIDTH="39" VPOS="1034" HPOS="419"/>
<String CONTENT="New" HEIGHT="20" WIDTH="49" VPOS="1034" HPOS="459"/>
<SP HEIGHT="20" WIDTH="17" VPOS="1034" HPOS="509"/>
<String CONTENT="York," HEIGHT="27" WIDTH="80" VPOS="1033" HPOS="527"/>
<SP HEIGHT="27" WIDTH="23" VPOS="1032" HPOS="608"/>
<String CONTENT="IEEE" HEIGHT="20" WIDTH="66" VPOS="1032" HPOS="632"/>
</TextLine>
<TextLine HEIGHT="30" WIDTH="459" VPOS="1059" HPOS="135">
<String CONTENT="Press." HEIGHT="21" WIDTH="95" VPOS="1062" HPOS="135"/>
<SP HEIGHT="23" WIDTH="39" VPOS="1063" HPOS="231"/>
<String CONTENT="555" HEIGHT="23" WIDTH="48" VPOS="1063" HPOS="271"/>
<SP HEIGHT="24" WIDTH="16" VPOS="1064" HPOS="320"/>
<String CONTENT="p." HEIGHT="21" WIDTH="29" VPOS="1067" HPOS="337"/>
<SP HEIGHT="29" WIDTH="43" VPOS="1060" HPOS="367"/>
<String CONTENT="(IEEE" HEIGHT="29" WIDTH="81" VPOS="1060" HPOS="411"/>
<SP HEIGHT="20" WIDTH="17" VPOS="1063" HPOS="493"/>
<String CONTENT="Press" HEIGHT="22" WIDTH="83" VPOS="1062" HPOS="511"/>
</TextLine>
<TextLine HEIGHT="31" WIDTH="523" VPOS="1088" HPOS="136">
<String CONTENT="selected" HEIGHT="21" WIDTH="133" VPOS="1091" HPOS="136"/>
<SP HEIGHT="19" WIDTH="18" VPOS="1092" HPOS="270"/>
<String CONTENT="reprint" HEIGHT="24" WIDTH="114" VPOS="1092" HPOS="289"/>
<SP HEIGHT="21" WIDTH="21" VPOS="1092" HPOS="404"/>
<String CONTENT="series)" HEIGHT="30" WIDTH="113" VPOS="1089" HPOS="426"/>
<SP HEIGHT="31" WIDTH="39" VPOS="1088" HPOS="540"/>
<String CONTENT="Appl." HEIGHT="26" WIDTH="79" VPOS="1091" HPOS="580"/>
</TextLine>
<TextLine HEIGHT="22" WIDTH="564" VPOS="1120" HPOS="134">
<String CONTENT="author:" HEIGHT="20" WIDTH="113" VPOS="1121" HPOS="134"/>
<SP HEIGHT="20" WIDTH="23" VPOS="1121" HPOS="248"/>
<String CONTENT="Institute" HEIGHT="20" WIDTH="149" VPOS="1121" HPOS="272"/>
<SP HEIGHT="15" WIDTH="19" VPOS="1126" HPOS="422"/>
<String CONTENT="of" HEIGHT="19" WIDTH="31" VPOS="1122" HPOS="442"/>
<SP HEIGHT="19" WIDTH="18" VPOS="1122" HPOS="474"/>
<String CONTENT="Electrical" HEIGHT="21" WIDTH="169" VPOS="1121" HPOS="493"/>
<SP HEIGHT="20" WIDTH="18" VPOS="1121" HPOS="663"/>
<String CONTENT="&amp;" HEIGHT="19" WIDTH="16" VPOS="1121" HPOS="682"/>
</TextLine>
<TextLine HEIGHT="28" WIDTH="457" VPOS="1148" HPOS="133" CS="1">
<String CONTENT="Electronics" HEIGHT="20" WIDTH="186" VPOS="1149" HPOS="133"/>
<SP HEIGHT="19" WIDTH="17" VPOS="1150" HPOS="320"/>
<String CONTENT="Engineers," HEIGHT="26" WIDTH="165" VPOS="1150" HPOS="338"/>
<SP HEIGHT="26" WIDTH="24" VPOS="1150" HPOS="504"/>
<String CONTENT="Inc." HEIGHT="22" WIDTH="61" VPOS="1149" HPOS="529"/>
</TextLine>
<TextLine HEIGHT="57" WIDTH="562" VPOS="1177" HPOS="131" CS="1">
<String CONTENT="&#169;" HEIGHT="20" WIDTH="20" VPOS="1178" HPOS="131"/>
<SP HEIGHT="20" WIDTH="15" VPOS="1178" HPOS="152"/>
<String CONTENT="Institute" HEIGHT="21" WIDTH="150" VPOS="1178" HPOS="168"/>
<SP HEIGHT="15" WIDTH="18" VPOS="1184" HPOS="319"/>
<String CONTENT="of" HEIGHT="19" WIDTH="32" VPOS="1179" HPOS="338"/>
<SP HEIGHT="19" WIDTH="18" VPOS="1179" HPOS="371"/>
<String CONTENT="Electrical" HEIGHT="22" WIDTH="169" VPOS="1178" HPOS="390"/>
<SP HEIGHT="20" WIDTH="18" VPOS="1178" HPOS="560"/>
<String CONTENT="&amp;" HEIGHT="19" WIDTH="16" VPOS="1179" HPOS="579"/>
<SP HEIGHT="19" WIDTH="16" VPOS="1179" HPOS="596"/>
<String CONTENT="Electronics" HEIGHT="48" WIDTH="545" VPOS="1179" HPOS="134"/>
<SP HEIGHT="19" WIDTH="19" VPOS="1208" HPOS="250"/>
<String CONTENT="Engineers," HEIGHT="26" WIDTH="164" VPOS="1208" HPOS="270"/>
<SP HEIGHT="26" WIDTH="23" VPOS="1208" HPOS="435"/>
<String CONTENT="Inc.;" HEIGHT="26" WIDTH="79" VPOS="1208" HPOS="459"/>
<SP HEIGHT="26" WIDTH="22" VPOS="1208" HPOS="539"/>
<String CONTENT="28Aug72;" HEIGHT="30" WIDTH="131" VPOS="1203" HPOS="562"/>
</TextLine>
<TextLine HEIGHT="28" WIDTH="132" VPOS="1231" HPOS="132">
<!-- cceid B8C02316-6E5A-1014-8662-AF35A7EA7700 --><String CONTENT="A370880." HEIGHT="28" WIDTH="132" VPOS="1231" HPOS="132"/>
</TextLine>
<TextLine HEIGHT="28" WIDTH="561" VPOS="1266" HPOS="92" CS="1">
<String CONTENT="Power" HEIGHT="20" WIDTH="84" VPOS="1271" HPOS="92"/>
<SP HEIGHT="15" WIDTH="19" VPOS="1274" HPOS="177"/>
<String CONTENT="semiconductor" HEIGHT="21" WIDTH="219" VPOS="1268" HPOS="197"/>
<SP HEIGHT="15" WIDTH="18" VPOS="1273" HPOS="417"/>
<String CONTENT="applications." HEIGHT="27" WIDTH="217" VPOS="1266" HPOS="436"/>
</TextLine>
<TextLine HEIGHT="27" WIDTH="493" VPOS="1295" HPOS="125" CS="1">
<String CONTENT="Vol.2:" HEIGHT="22" WIDTH="97" VPOS="1297" HPOS="125"/>
<SP HEIGHT="21" WIDTH="24" VPOS="1298" HPOS="223"/>
<String CONTENT="Equipment" HEIGHT="25" WIDTH="150" VPOS="1297" HPOS="248"/>
<SP HEIGHT="20" WIDTH="19" VPOS="1297" HPOS="399"/>
<String CONTENT="and" HEIGHT="20" WIDTH="48" VPOS="1297" HPOS="419"/>
<SP HEIGHT="19" WIDTH="20" VPOS="1297" HPOS="468"/>
<String CONTENT="systems." HEIGHT="26" WIDTH="129" VPOS="1295" HPOS="489"/>
</TextLine>
<TextLine HEIGHT="27" WIDTH="548" VPOS="1324" HPOS="127">
<String CONTENT="Edited" HEIGHT="20" WIDTH="100" VPOS="1327" HPOS="127"/>
<SP HEIGHT="19" WIDTH="18" VPOS="1327" HPOS="228"/>
<String CONTENT="by" HEIGHT="24" WIDTH="34" VPOS="1327" HPOS="247"/>
<SP HEIGHT="25" WIDTH="17" VPOS="1326" HPOS="282"/>
<String CONTENT="John" HEIGHT="21" WIDTH="66" VPOS="1326" HPOS="300"/>
<SP HEIGHT="19" WIDTH="16" VPOS="1327" HPOS="367"/>
<String CONTENT="D." HEIGHT="19" WIDTH="27" VPOS="1327" HPOS="384"/>
<SP HEIGHT="20" WIDTH="22" VPOS="1326" HPOS="412"/>
<String CONTENT="Harnden," HEIGHT="26" WIDTH="133" VPOS="1324" HPOS="435"/>
<SP HEIGHT="25" WIDTH="22" VPOS="1324" HPOS="569"/>
<String CONTENT="Jr." HEIGHT="20" WIDTH="43" VPOS="1324" HPOS="592"/>
<SP HEIGHT="20" WIDTH="22" VPOS="1324" HPOS="636"/>
<String CONTENT="&amp;" HEIGHT="18" WIDTH="16" VPOS="1324" HPOS="659"/>
</TextLine>
<TextLine HEIGHT="27" WIDTH="566" VPOS="1351" HPOS="127">
<String CONTENT="Forest" HEIGHT="20" WIDTH="100" VPOS="1356" HPOS="127"/>
<SP HEIGHT="19" WIDTH="20" VPOS="1356" HPOS="228"/>
<String CONTENT="B." HEIGHT="19" WIDTH="26" VPOS="1356" HPOS="249"/>
<SP HEIGHT="21" WIDTH="23" VPOS="1355" HPOS="276"/>
<String CONTENT="Golden." HEIGHT="22" WIDTH="111" VPOS="1354" HPOS="300"/>
<SP HEIGHT="20" WIDTH="40" VPOS="1355" HPOS="412"/>
<String CONTENT="New" HEIGHT="19" WIDTH="51" VPOS="1355" HPOS="453"/>
<SP HEIGHT="20" WIDTH="17" VPOS="1354" HPOS="505"/>
<String CONTENT="York," HEIGHT="26" WIDTH="79" VPOS="1352" HPOS="523"/>
<SP HEIGHT="25" WIDTH="23" VPOS="1352" HPOS="603"/>
<String CONTENT="IEEE" HEIGHT="21" WIDTH="66" VPOS="1351" HPOS="627"/>
</TextLine>
<TextLine HEIGHT="31" WIDTH="461" VPOS="1379" HPOS="127" CS="1">
<String CONTENT="Press." HEIGHT="20" WIDTH="96" VPOS="1385" HPOS="127"/>
<SP HEIGHT="23" WIDTH="40" VPOS="1384" HPOS="224"/>
<String CONTENT="335" HEIGHT="24" WIDTH="47" VPOS="1384" HPOS="265"/>
<SP HEIGHT="25" WIDTH="18" VPOS="1384" HPOS="313"/>
<String CS="1" CONTENT="p."/>
<SP HEIGHT="30" WIDTH="43" VPOS="1380" HPOS="362"/>
<String CONTENT="(IEEE" HEIGHT="30" WIDTH="81" VPOS="1380" HPOS="406"/>
<SP HEIGHT="19" WIDTH="16" VPOS="1383" HPOS="488"/>
<String CONTENT="Press" HEIGHT="20" WIDTH="83" VPOS="1382" HPOS="505"/>
</TextLine>
<TextLine HEIGHT="30" WIDTH="524" VPOS="1407" HPOS="130">
<String CONTENT="selected" HEIGHT="21" WIDTH="133" VPOS="1412" HPOS="130"/>
<SP HEIGHT="19" WIDTH="18" VPOS="1412" HPOS="264"/>
<String CONTENT="reprint" HEIGHT="25" WIDTH="116" VPOS="1411" HPOS="283"/>
<SP HEIGHT="19" WIDTH="20" VPOS="1412" HPOS="400"/>
<String CONTENT="series)" HEIGHT="29" WIDTH="113" VPOS="1408" HPOS="421"/>
<SP HEIGHT="30" WIDTH="38" VPOS="1407" HPOS="535"/>
<String CONTENT="Appl." HEIGHT="26" WIDTH="80" VPOS="1408" HPOS="574"/>
</TextLine>
<TextLine HEIGHT="25" WIDTH="566" VPOS="1437" HPOS="128">
<String CONTENT="author;" HEIGHT="21" WIDTH="112" VPOS="1441" HPOS="129"/>
<SP HEIGHT="21" WIDTH="25" VPOS="1441" HPOS="242"/>
<String CONTENT="Institute" HEIGHT="21" WIDTH="149" VPOS="1440" HPOS="268"/>
<SP HEIGHT="15" WIDTH="18" VPOS="1445" HPOS="418"/>
<String CONTENT="of" HEIGHT="20" WIDTH="34" VPOS="1440" HPOS="437"/>
<SP HEIGHT="19" WIDTH="17" VPOS="1440" HPOS="472"/>
<String CONTENT="Electrical" HEIGHT="22" WIDTH="171" VPOS="1437" HPOS="489"/>
<SP HEIGHT="20" WIDTH="17" VPOS="1437" HPOS="660"/>
<String CONTENT="&amp;" HEIGHT="19" WIDTH="16" VPOS="1438" HPOS="678"/>
</TextLine>
<TextLine HEIGHT="26" WIDTH="458" VPOS="1467" HPOS="129" CS="1">
<String CONTENT="Electronics" HEIGHT="21" WIDTH="186" VPOS="1469" HPOS="129"/>
<SP HEIGHT="19" WIDTH="18" VPOS="1470" HPOS="316"/>
<String CONTENT="Engineers," HEIGHT="24" WIDTH="166" VPOS="1469" HPOS="335"/>
<SP HEIGHT="25" WIDTH="23" VPOS="1468" HPOS="502"/>
<String CONTENT="Inc." HEIGHT="21" WIDTH="61" VPOS="1467" HPOS="526"/>
</TextLine>
<TextLine HEIGHT="24" WIDTH="465" VPOS="1496" HPOS="127">
<String CONTENT="&#169;" HEIGHT="20" WIDTH="20" VPOS="1500" HPOS="127"/>
<SP HEIGHT="20" WIDTH="16" VPOS="1500" HPOS="148"/>
<String CONTENT="Institute" HEIGHT="20" WIDTH="151" VPOS="1499" HPOS="165"/>
<SP HEIGHT="14" WIDTH="16" VPOS="1504" HPOS="317"/>
<String CONTENT="of" HEIGHT="19" WIDTH="34" VPOS="1499" HPOS="334"/>
<SP HEIGHT="18" WIDTH="17" VPOS="1499" HPOS="369"/>
<String CONTENT="Electrical" HEIGHT="22" WIDTH="169" VPOS="1496" HPOS="387"/>
<SP HEIGHT="20" WIDTH="18" VPOS="1496" HPOS="557"/>
<String CONTENT="&amp;" HEIGHT="19" WIDTH="16" VPOS="1497" HPOS="576"/>
</TextLine>
<TextLine HEIGHT="27" WIDTH="475" VPOS="1525" HPOS="130" CS="1">
<String CONTENT="Electronics" HEIGHT="21" WIDTH="186" VPOS="1527" HPOS="130"/>
<SP HEIGHT="19" WIDTH="17" VPOS="1528" HPOS="317"/>
<String CONTENT="Engineers," HEIGHT="25" WIDTH="167" VPOS="1527" HPOS="335"/>
<SP HEIGHT="26" WIDTH="22" VPOS="1526" HPOS="503"/>
<String CONTENT="Inc.;" HEIGHT="26" WIDTH="79" VPOS="1525" HPOS="526"/>
</TextLine>
<TextLine HEIGHT="30" WIDTH="284" VPOS="1553" HPOS="131">
<String CONTENT="28Aug72;" HEIGHT="30" WIDTH="130" VPOS="1553" HPOS="131"/>
<SP HEIGHT="26" WIDTH="22" VPOS="1557" HPOS="262"/>
<!-- cceid B8C1CB2A-6E5A-1014-8662-AF35A7EA7700 --><String CONTENT="A371092." HEIGHT="24" WIDTH="130" VPOS="1556" HPOS="285"/>
</TextLine>
<TextLine HEIGHT="28" WIDTH="358" VPOS="1616" HPOS="52">
<String CONTENT="HARNED," HEIGHT="28" WIDTH="117" VPOS="1616" HPOS="52"/>
<SP HEIGHT="26" WIDTH="20" VPOS="1617" HPOS="170"/>
<String CONTENT="THOMAS" HEIGHT="21" WIDTH="102" VPOS="1617" HPOS="191"/>
<SP HEIGHT="20" WIDTH="17" VPOS="1618" HPOS="294"/>
<String CONTENT="BIGGS." HEIGHT="21" WIDTH="98" VPOS="1618" HPOS="312"/>
</TextLine>
<TextLine HEIGHT="58" WIDTH="650" VPOS="1644" HPOS="88" CS="1">
<String CONTENT="Memoirs" HEIGHT="21" WIDTH="118" VPOS="1645" HPOS="88"/>
<SP HEIGHT="15" WIDTH="18" VPOS="1650" HPOS="207"/>
<String CONTENT="of" HEIGHT="20" WIDTH="32" VPOS="1645" HPOS="226"/>
<SP HEIGHT="21" WIDTH="19" VPOS="1645" HPOS="259"/>
<String CONTENT="Thomas" HEIGHT="21" WIDTH="97" VPOS="1645" HPOS="279"/>
<SP HEIGHT="18" WIDTH="19" VPOS="1648" HPOS="377"/>
<String CONTENT="B." HEIGHT="18" WIDTH="26" VPOS="1648" HPOS="397"/>
<SP HEIGHT="19" WIDTH="23" VPOS="1648" HPOS="424"/>
<String CONTENT="Harned," HEIGHT="26" WIDTH="115" VPOS="1646" HPOS="448"/>
<SP HEIGHT="24" WIDTH="21" VPOS="1647" HPOS="564"/>
<String CONTENT="Walt" HEIGHT="21" WIDTH="65" VPOS="1646" HPOS="586"/>
<SP HEIGHT="20" WIDTH="18" VPOS="1646" HPOS="652"/>
<String CONTENT="Whitman's" HEIGHT="48" WIDTH="617" VPOS="1646" HPOS="121"/>
<SP HEIGHT="20" WIDTH="19" VPOS="1674" HPOS="206"/>
<String CONTENT="friend" HEIGHT="21" WIDTH="98" VPOS="1674" HPOS="226"/>
<SP HEIGHT="21" WIDTH="20" VPOS="1674" HPOS="325"/>
<String CONTENT="and" HEIGHT="20" WIDTH="48" VPOS="1675" HPOS="346"/>
<SP HEIGHT="20" WIDTH="20" VPOS="1675" HPOS="395"/>
<String CONTENT="literary" HEIGHT="27" WIDTH="133" VPOS="1674" HPOS="416"/>
<SP HEIGHT="20" WIDTH="18" VPOS="1680" HPOS="550"/>
<String CONTENT="executor." HEIGHT="19" WIDTH="148" VPOS="1676" HPOS="569"/>
</TextLine>
<TextLine HEIGHT="29" WIDTH="529" VPOS="1701" HPOS="123">
<String CONTENT="Edited" HEIGHT="21" WIDTH="101" VPOS="1702" HPOS="123"/>
<SP HEIGHT="19" WIDTH="14" VPOS="1703" HPOS="225"/>
<String CONTENT="with" HEIGHT="21" WIDTH="69" VPOS="1702" HPOS="240"/>
<SP HEIGHT="20" WIDTH="17" VPOS="1703" HPOS="310"/>
<String CONTENT="a" HEIGHT="15" WIDTH="15" VPOS="1708" HPOS="328"/>
<SP HEIGHT="19" WIDTH="17" VPOS="1705" HPOS="344"/>
<String CONTENT="detailed" HEIGHT="21" WIDTH="135" VPOS="1704" HPOS="362"/>
<SP HEIGHT="19" WIDTH="19" VPOS="1705" HPOS="498"/>
<String CONTENT="index" HEIGHT="21" WIDTH="82" VPOS="1704" HPOS="518"/>
<SP HEIGHT="20" WIDTH="18" VPOS="1704" HPOS="601"/>
<String CONTENT="by" HEIGHT="25" WIDTH="32" VPOS="1704" HPOS="620"/>
</TextLine>
<TextLine HEIGHT="59" WIDTH="563" VPOS="1730" HPOS="123" CS="1">
<String CONTENT="Peter" HEIGHT="20" WIDTH="83" VPOS="1731" HPOS="123"/>
<SP HEIGHT="20" WIDTH="14" VPOS="1732" HPOS="207"/>
<String CONTENT="Van" HEIGHT="20" WIDTH="52" VPOS="1732" HPOS="222"/>
<SP HEIGHT="21" WIDTH="17" VPOS="1732" HPOS="275"/>
<String CONTENT="Egmond." HEIGHT="26" WIDTH="114" VPOS="1732" HPOS="293"/>
<SP HEIGHT="20" WIDTH="38" VPOS="1734" HPOS="408"/>
<String CONTENT="Hartford," HEIGHT="26" WIDTH="149" VPOS="1732" HPOS="447"/>
<SP HEIGHT="24" WIDTH="23" VPOS="1733" HPOS="597"/>
<String CONTENT="Transcendental" HEIGHT="49" WIDTH="563" VPOS="1733" HPOS="123"/>
<SP HEIGHT="23" WIDTH="17" VPOS="1761" HPOS="293"/>
<String CONTENT="Books." HEIGHT="22" WIDTH="95" VPOS="1762" HPOS="311"/>
<SP HEIGHT="24" WIDTH="37" VPOS="1764" HPOS="407"/>
<String CONTENT="58" HEIGHT="29" WIDTH="34" VPOS="1759" HPOS="445"/>
<SP/>
<String CS="1" CONTENT="l."/>
<SP HEIGHT="21" WIDTH="38" VPOS="1763" HPOS="527"/>
<String CONTENT="Appl." HEIGHT="25" WIDTH="81" VPOS="1763" HPOS="566"/>
</TextLine>
<TextLine HEIGHT="28" WIDTH="543" VPOS="1788" HPOS="122">
<String CONTENT="authors:" HEIGHT="21" WIDTH="130" VPOS="1789" HPOS="122"/>
<SP HEIGHT="21" WIDTH="22" VPOS="1790" HPOS="253"/>
<String CONTENT="Kenneth" HEIGHT="21" WIDTH="118" VPOS="1790" HPOS="276"/>
<SP HEIGHT="21" WIDTH="16" VPOS="1790" HPOS="395"/>
<String CONTENT="Walter" HEIGHT="20" WIDTH="103" VPOS="1791" HPOS="412"/>
<SP HEIGHT="20" WIDTH="17" VPOS="1792" HPOS="516"/>
<String CONTENT="Cameron," HEIGHT="25" WIDTH="131" VPOS="1791" HPOS="534"/>
</TextLine>
<TextLine HEIGHT="25" WIDTH="599" VPOS="1818" HPOS="122">
<String CONTENT="general" HEIGHT="24" WIDTH="118" VPOS="1819" HPOS="122"/>
<SP HEIGHT="20" WIDTH="18" VPOS="1819" HPOS="241"/>
<String CONTENT="editor" HEIGHT="20" WIDTH="100" VPOS="1819" HPOS="260"/>
<SP HEIGHT="18" WIDTH="17" VPOS="1821" HPOS="361"/>
<String CONTENT="&amp;" HEIGHT="18" WIDTH="16" VPOS="1821" HPOS="379"/>
<SP HEIGHT="19" WIDTH="18" VPOS="1821" HPOS="396"/>
<String CONTENT="others." HEIGHT="21" WIDTH="112" VPOS="1820" HPOS="415"/>
<SP HEIGHT="21" WIDTH="37" VPOS="1819" HPOS="528"/>
<String CONTENT="&#169;" HEIGHT="19" WIDTH="20" VPOS="1819" HPOS="566"/>
<SP HEIGHT="21" WIDTH="14" VPOS="1819" HPOS="587"/>
<String CONTENT="Kenneth" HEIGHT="20" WIDTH="119" VPOS="1820" HPOS="602"/>
</TextLine>
<TextLine HEIGHT="29" WIDTH="545" VPOS="1845" HPOS="121">
<String CONTENT="Walter" HEIGHT="20" WIDTH="103" VPOS="1847" HPOS="121"/>
<SP HEIGHT="19" WIDTH="17" VPOS="1849" HPOS="225"/>
<String CONTENT="Cameron;" HEIGHT="25" WIDTH="131" VPOS="1849" HPOS="243"/>
<SP HEIGHT="28" WIDTH="21" VPOS="1846" HPOS="374"/>
<String CONTENT="4Aug72;" HEIGHT="28" WIDTH="117" VPOS="1846" HPOS="395"/>
<SP HEIGHT="24" WIDTH="21" VPOS="1850" HPOS="512"/>
<!-- cceid B8C36E44-6E5A-1014-8662-AF35A7EA7700 --><String CONTENT="A370974." HEIGHT="28" WIDTH="133" VPOS="1846" HPOS="533"/>
</TextLine>
<TextLine HEIGHT="26" WIDTH="303" VPOS="1900" HPOS="45">
<String CONTENT="HARNER," HEIGHT="26" WIDTH="114" VPOS="1900" HPOS="45"/>
<SP HEIGHT="25" WIDTH="21" VPOS="1900" HPOS="160"/>
<String CONTENT="MICHAEL" HEIGHT="20" WIDTH="121" VPOS="1900" HPOS="182"/>
<SP HEIGHT="20" WIDTH="16" VPOS="1900" HPOS="304"/>
<String CONTENT="J." HEIGHT="21" WIDTH="27" VPOS="1900" HPOS="321"/>
</TextLine>
<TextLine HEIGHT="27" WIDTH="546" VPOS="1927" HPOS="81">
<String CONTENT="The" HEIGHT="21" WIDTH="47" VPOS="1929" HPOS="81"/>
<SP HEIGHT="20" WIDTH="19" VPOS="1929" HPOS="129"/>
<String CONTENT="Jivaro:" HEIGHT="21" WIDTH="113" VPOS="1928" HPOS="149"/>
<SP HEIGHT="19" WIDTH="22" VPOS="1934" HPOS="263"/>
<String CONTENT="people" HEIGHT="24" WIDTH="99" VPOS="1929" HPOS="286"/>
<SP HEIGHT="14" WIDTH="20" VPOS="1934" HPOS="386"/>
<String CONTENT="of" HEIGHT="19" WIDTH="31" VPOS="1929" HPOS="407"/>
<SP HEIGHT="20" WIDTH="18" VPOS="1929" HPOS="439"/>
<String CONTENT="the" HEIGHT="20" WIDTH="48" VPOS="1929" HPOS="458"/>
<SP HEIGHT="15" WIDTH="20" VPOS="1934" HPOS="507"/>
<String CONTENT="sacred" HEIGHT="21" WIDTH="99" VPOS="1928" HPOS="528"/>
</TextLine>
<TextLine HEIGHT="28" WIDTH="579" VPOS="1956" HPOS="113">
<String CONTENT="waterfalls." HEIGHT="23" WIDTH="185" VPOS="1957" HPOS="113"/>
<SP HEIGHT="21" WIDTH="38" VPOS="1958" HPOS="299"/>
<String CONTENT="1st" HEIGHT="19" WIDTH="48" VPOS="1958" HPOS="338"/>
<SP HEIGHT="19" WIDTH="19" VPOS="1958" HPOS="387"/>
<String CONTENT="ed." HEIGHT="20" WIDTH="45" VPOS="1958" HPOS="407"/>
<SP HEIGHT="20" WIDTH="39" VPOS="1958" HPOS="453"/>
<String CONTENT="Garden" HEIGHT="21" WIDTH="101" VPOS="1957" HPOS="493"/>
<SP HEIGHT="20" WIDTH="16" VPOS="1957" HPOS="595"/>
<String CONTENT="City," HEIGHT="25" WIDTH="80" VPOS="1957" HPOS="612"/>
</TextLine>
<TextLine HEIGHT="26" WIDTH="583" VPOS="1985" HPOS="115">
<String CONTENT="N.Y.," HEIGHT="24" WIDTH="79" VPOS="1987" HPOS="115"/>
<SP HEIGHT="25" WIDTH="22" VPOS="1986" HPOS="195"/>
<String CONTENT="Pub." HEIGHT="20" WIDTH="62" VPOS="1986" HPOS="218"/>
<SP HEIGHT="19" WIDTH="22" VPOS="1987" HPOS="281"/>
<String CONTENT="for" HEIGHT="18" WIDTH="48" VPOS="1987" HPOS="304"/>
<SP HEIGHT="19" WIDTH="19" VPOS="1987" HPOS="353"/>
<String CONTENT="the" HEIGHT="20" WIDTH="47" VPOS="1987" HPOS="373"/>
<SP HEIGHT="20" WIDTH="17" VPOS="1987" HPOS="421"/>
<String CONTENT="American" HEIGHT="20" WIDTH="137" VPOS="1986" HPOS="439"/>
<SP HEIGHT="19" WIDTH="17" VPOS="1986" HPOS="577"/>
<String CONTENT="Museum" HEIGHT="19" WIDTH="103" VPOS="1986" HPOS="595"/>
</TextLine>
<TextLine HEIGHT="31" WIDTH="548" VPOS="2010" HPOS="116">
<String CONTENT="of" HEIGHT="20" WIDTH="31" VPOS="2014" HPOS="116"/>
<SP HEIGHT="20" WIDTH="16" VPOS="2014" HPOS="148"/>
<String CONTENT="Natural" HEIGHT="20" WIDTH="120" VPOS="2014" HPOS="165"/>
<SP HEIGHT="21" WIDTH="16" VPOS="2014" HPOS="286"/>
<String CONTENT="History" HEIGHT="25" WIDTH="120" VPOS="2015" HPOS="303"/>
<SP HEIGHT="25" WIDTH="14" VPOS="2015" HPOS="424"/>
<String CONTENT="by" HEIGHT="25" WIDTH="36" VPOS="2015" HPOS="439"/>
<SP HEIGHT="24" WIDTH="14" VPOS="2016" HPOS="476"/>
<String CONTENT="Doubleday/" HEIGHT="31" WIDTH="173" VPOS="2010" HPOS="491"/>
</TextLine>
<TextLine HEIGHT="27" WIDTH="509" VPOS="2042" HPOS="115">
<String CONTENT="Natural" HEIGHT="20" WIDTH="117" VPOS="2043" HPOS="115"/>
<SP HEIGHT="21" WIDTH="16" VPOS="2043" HPOS="233"/>
<String CONTENT="History" HEIGHT="26" WIDTH="121" VPOS="2043" HPOS="250"/>
<SP HEIGHT="24" WIDTH="16" VPOS="2045" HPOS="372"/>
<String CONTENT="Press." HEIGHT="20" WIDTH="96" VPOS="2045" HPOS="389"/>
<SP HEIGHT="21" WIDTH="41" VPOS="2044" HPOS="486"/>
<String CONTENT="233" HEIGHT="26" WIDTH="46" VPOS="2043" HPOS="528"/>
<SP HEIGHT="23" WIDTH="18" VPOS="2045" HPOS="575"/>
<String CONTENT="p." HEIGHT="20" WIDTH="30" VPOS="2048" HPOS="594"/>
</TextLine>
<TextLine HEIGHT="31" WIDTH="616" VPOS="2067" HPOS="115">
<String CONTENT="Portions" HEIGHT="20" WIDTH="133" VPOS="2072" HPOS="115"/>
<SP HEIGHT="15" WIDTH="20" VPOS="2077" HPOS="249"/>
<String CONTENT="of" HEIGHT="19" WIDTH="31" VPOS="2072" HPOS="270"/>
<SP HEIGHT="20" WIDTH="19" VPOS="2072" HPOS="302"/>
<String CONTENT="chap.4" HEIGHT="29" WIDTH="99" VPOS="2068" HPOS="322"/>
<SP HEIGHT="24" WIDTH="18" VPOS="2068" HPOS="422"/>
<String CONTENT="first" HEIGHT="20" WIDTH="82" VPOS="2073" HPOS="441"/>
<SP HEIGHT="20" WIDTH="19" VPOS="2073" HPOS="524"/>
<String CONTENT="appeared" HEIGHT="26" WIDTH="135" VPOS="2072" HPOS="544"/>
<SP HEIGHT="19" WIDTH="19" VPOS="2072" HPOS="680"/>
<String CONTENT="in" HEIGHT="19" WIDTH="31" VPOS="2072" HPOS="700"/>
</TextLine>
<TextLine HEIGHT="27" WIDTH="598" VPOS="2099" HPOS="115">
<String CONTENT="slightly" HEIGHT="26" WIDTH="136" VPOS="2100" HPOS="115"/>
<SP HEIGHT="24" WIDTH="16" VPOS="2102" HPOS="252"/>
<String CONTENT="different" HEIGHT="21" WIDTH="151" VPOS="2101" HPOS="269"/>
<SP HEIGHT="20" WIDTH="20" VPOS="2102" HPOS="421"/>
<String CONTENT="form" HEIGHT="20" WIDTH="66" VPOS="2102" HPOS="442"/>
<SP HEIGHT="20" WIDTH="18" VPOS="2102" HPOS="509"/>
<String CONTENT="in" HEIGHT="21" WIDTH="30" VPOS="2101" HPOS="528"/>
<SP HEIGHT="19" WIDTH="17" VPOS="2102" HPOS="559"/>
<String CONTENT="American" HEIGHT="20" WIDTH="136" VPOS="2101" HPOS="577"/>
</TextLine>
<TextLine HEIGHT="32" WIDTH="577" VPOS="2124" HPOS="115" CS="1">
<String CONTENT="anthropologist," HEIGHT="27" WIDTH="250" VPOS="2129" HPOS="115"/>
<SP HEIGHT="20" WIDTH="20" VPOS="2136" HPOS="366"/>
<String CS="1" CONTENT="v.64,no.2," HEIGHT="31" WIDTH="183" VPOS="2124" HPOS="387"/>
<SP HEIGHT="25" WIDTH="22" VPOS="2129" HPOS="571"/>
<String CONTENT="1962" HEIGHT="28" WIDTH="66" VPOS="2125" HPOS="594"/>
<SP HEIGHT="20" WIDTH="14" VPOS="2128" HPOS="661"/>
<String CONTENT="&amp;" HEIGHT="19" WIDTH="16" VPOS="2129" HPOS="676"/>
</TextLine>
<TextLine HEIGHT="32" WIDTH="543" VPOS="2153" HPOS="114" CS="1">
<String CONTENT="Natural" HEIGHT="21" WIDTH="118" VPOS="2158" HPOS="114"/>
<SP HEIGHT="20" WIDTH="16" VPOS="2158" HPOS="233"/>
<String CONTENT="history," HEIGHT="26" WIDTH="132" VPOS="2158" HPOS="250"/>
<SP HEIGHT="24" WIDTH="22" VPOS="2160" HPOS="383"/>
<String CONTENT="June/July" HEIGHT="30" WIDTH="154" VPOS="2154" HPOS="406"/>
<SP HEIGHT="25" WIDTH="17" VPOS="2158" HPOS="561"/>
<String CONTENT="1968." HEIGHT="29" WIDTH="78" VPOS="2153" HPOS="579"/>
</TextLine>
<TextLine HEIGHT="23" WIDTH="475" VPOS="2186" HPOS="114" CS="1">
<String CONTENT="NM:" HEIGHT="21" WIDTH="44" VPOS="2187" HPOS="114"/>
<SP HEIGHT="15" WIDTH="23" VPOS="2192" HPOS="159"/>
<String CONTENT="additional" HEIGHT="20" WIDTH="169" VPOS="2187" HPOS="183"/>
<SP HEIGHT="21" WIDTH="18" VPOS="2187" HPOS="353"/>
<String CONTENT="text" HEIGHT="20" WIDTH="65" VPOS="2188" HPOS="372"/>
<SP HEIGHT="20" WIDTH="16" VPOS="2188" HPOS="438"/>
<String CONTENT="&amp;" HEIGHT="19" WIDTH="16" VPOS="2188" HPOS="455"/>
<SP HEIGHT="20" WIDTH="20" VPOS="2188" HPOS="472"/>
<String CS="1" CONTENT="illus." HEIGHT="21" WIDTH="62" VPOS="2187" HPOS="527"/>
</TextLine>
<TextLine HEIGHT="32" WIDTH="631" VPOS="2211" HPOS="111">
<String CONTENT="&#169;" HEIGHT="21" WIDTH="20" VPOS="2214" HPOS="111"/>
<SP HEIGHT="21" WIDTH="15" VPOS="2214" HPOS="132"/>
<String CONTENT="Michael" HEIGHT="20" WIDTH="119" VPOS="2215" HPOS="148"/>
<SP HEIGHT="21" WIDTH="17" VPOS="2215" HPOS="268"/>
<String CONTENT="J." HEIGHT="21" WIDTH="28" VPOS="2216" HPOS="286"/>
<SP HEIGHT="20" WIDTH="21" VPOS="2217" HPOS="315"/>
<String CONTENT="Harner;" HEIGHT="25" WIDTH="113" VPOS="2217" HPOS="337"/>
<SP HEIGHT="24" WIDTH="22" VPOS="2218" HPOS="451"/>
<String CONTENT="3Nov72;" HEIGHT="26" WIDTH="114" VPOS="2216" HPOS="474"/>
<SP HEIGHT="24" WIDTH="21" VPOS="2217" HPOS="589"/>
<!-- cceid B8C4EDE5-6E5A-1014-8662-AF35A7EA7700 --><String CONTENT="A382586." HEIGHT="30" WIDTH="131" VPOS="2211" HPOS="611"/>
</TextLine>
<TextLine HEIGHT="26" WIDTH="319" VPOS="2274" HPOS="50">
<String CONTENT="HARNER," HEIGHT="26" WIDTH="114" VPOS="2274" HPOS="50"/>
<SP HEIGHT="25" WIDTH="21" VPOS="2274" HPOS="165"/>
<String CONTENT="PATRICIA" HEIGHT="21" WIDTH="135" VPOS="2274" HPOS="187"/>
<SP HEIGHT="19" WIDTH="16" VPOS="2275" HPOS="323"/>
<String CONTENT="F." HEIGHT="21" WIDTH="29" VPOS="2275" HPOS="340"/>
</TextLine>
<TextLine HEIGHT="29" WIDTH="632" VPOS="2301" HPOS="86">
<String CONTENT="Glossary" HEIGHT="27" WIDTH="137" VPOS="2302" HPOS="86"/>
<SP HEIGHT="21" WIDTH="16" VPOS="2307" HPOS="224"/>
<String CONTENT="of" HEIGHT="20" WIDTH="31" VPOS="2302" HPOS="241"/>
<SP HEIGHT="20" WIDTH="18" VPOS="2302" HPOS="273"/>
<String CONTENT="computer" HEIGHT="24" WIDTH="134" VPOS="2303" HPOS="292"/>
<SP HEIGHT="19" WIDTH="18" VPOS="2304" HPOS="427"/>
<String CONTENT="terms" HEIGHT="19" WIDTH="78" VPOS="2304" HPOS="446"/>
<SP HEIGHT="21" WIDTH="57" VPOS="2303" HPOS="525"/>
<String CONTENT="Compiled" HEIGHT="26" WIDTH="135" VPOS="2302" HPOS="583"/>
</TextLine>
<TextLine HEIGHT="28" WIDTH="614" VPOS="2330" HPOS="121">
<String CONTENT="for" HEIGHT="20" WIDTH="48" VPOS="2331" HPOS="121"/>
<SP HEIGHT="20" WIDTH="18" VPOS="2332" HPOS="170"/>
<String CONTENT="Grass" HEIGHT="20" WIDTH="82" VPOS="2332" HPOS="189"/>
<SP HEIGHT="18" WIDTH="20" VPOS="2333" HPOS="272"/>
<String CONTENT="Instrument" HEIGHT="20" WIDTH="167" VPOS="2332" HPOS="293"/>
<SP HEIGHT="21" WIDTH="18" VPOS="2332" HPOS="461"/>
<String CONTENT="Co." HEIGHT="20" WIDTH="46" VPOS="2333" HPOS="480"/>
<SP HEIGHT="22" WIDTH="20" VPOS="2331" HPOS="527"/>
<String CONTENT="by" HEIGHT="26" WIDTH="36" VPOS="2331" HPOS="548"/>
<SP HEIGHT="25" WIDTH="14" VPOS="2332" HPOS="585"/>
<String CONTENT="Patricia" HEIGHT="20" WIDTH="135" VPOS="2331" HPOS="600"/>
</TextLine>
<TextLine HEIGHT="22" WIDTH="509" VPOS="2360" HPOS="119" CS="1">
<String CONTENT="F." HEIGHT="20" WIDTH="29" VPOS="2361" HPOS="119"/>
<SP HEIGHT="20" WIDTH="21" VPOS="2361" HPOS="149"/>
<String CONTENT="Harner" HEIGHT="20" WIDTH="101" VPOS="2361" HPOS="171"/>
<SP HEIGHT="18" WIDTH="16" VPOS="2362" HPOS="273"/>
<String CONTENT="&amp;" HEIGHT="18" WIDTH="16" VPOS="2362" HPOS="290"/>
<SP HEIGHT="19" WIDTH="17" VPOS="2362" HPOS="307"/>
<String CONTENT="Richard" HEIGHT="20" WIDTH="118" VPOS="2361" HPOS="325"/>
<SP HEIGHT="21" WIDTH="18" VPOS="2361" HPOS="444"/>
<String CONTENT="N." HEIGHT="20" WIDTH="28" VPOS="2362" HPOS="463"/>
<SP HEIGHT="20" WIDTH="22" VPOS="2362" HPOS="492"/>
<String CONTENT="Harner." HEIGHT="21" WIDTH="113" VPOS="2361" HPOS="515"/>
</TextLine>
<TextLine HEIGHT="55" WIDTH="600" VPOS="2388" HPOS="119" CS="1">
<String CONTENT="Quincy," HEIGHT="25" WIDTH="114" VPOS="2389" HPOS="121"/>
<SP HEIGHT="24" WIDTH="19" VPOS="2390" HPOS="236"/>
<String CONTENT="Mass.," HEIGHT="24" WIDTH="98" VPOS="2390" HPOS="256"/>
<SP HEIGHT="23" WIDTH="21" VPOS="2391" HPOS="355"/>
<String CONTENT="Grass" HEIGHT="19" WIDTH="82" VPOS="2391" HPOS="377"/>
<SP HEIGHT="18" WIDTH="18" VPOS="2392" HPOS="460"/>
<String CONTENT="Medical" HEIGHT="22" WIDTH="118" VPOS="2389" HPOS="479"/>
<SP HEIGHT="21" WIDTH="20" VPOS="2389" HPOS="598"/>
<String CONTENT="Instruments." HEIGHT="48" WIDTH="600" VPOS="2390" HPOS="119"/>
<SP HEIGHT="23" WIDTH="36" VPOS="2420" HPOS="219"/>
<String CONTENT="32" HEIGHT="25" WIDTH="35" VPOS="2418" HPOS="256"/>
<SP HEIGHT="25" WIDTH="15" VPOS="2418" HPOS="292"/>
<String CONTENT="p." HEIGHT="19" WIDTH="28" VPOS="2424" HPOS="308"/>
<SP HEIGHT="19" WIDTH="35" VPOS="2419" HPOS="337"/>
<String CONTENT="&#169;" HEIGHT="19" WIDTH="19" VPOS="2419" HPOS="373"/>
<SP HEIGHT="20" WIDTH="17" VPOS="2419" HPOS="393"/>
<String CONTENT="Grass" HEIGHT="19" WIDTH="82" VPOS="2420" HPOS="411"/>
<SP HEIGHT="19" WIDTH="21" VPOS="2420" HPOS="494"/>
<String CONTENT="Instrument" HEIGHT="20" WIDTH="167" VPOS="2419" HPOS="516"/>
</TextLine>
<TextLine HEIGHT="59" WIDTH="566" VPOS="2446" HPOS="119" CS="1">
<String CONTENT="Co." HEIGHT="20" WIDTH="46" VPOS="2447" HPOS="120"/>
<SP HEIGHT="15" WIDTH="21" VPOS="2452" HPOS="167"/>
<String CONTENT="a.a.d.o." HEIGHT="19" WIDTH="131" VPOS="2448" HPOS="189"/>
<SP HEIGHT="18" WIDTH="21" VPOS="2449" HPOS="321"/>
<String CONTENT="Grass" HEIGHT="19" WIDTH="81" VPOS="2449" HPOS="343"/>
<SP HEIGHT="20" WIDTH="18" VPOS="2448" HPOS="425"/>
<String CONTENT="Medical" HEIGHT="21" WIDTH="119" VPOS="2447" HPOS="444"/>
<SP HEIGHT="21" WIDTH="20" VPOS="2446" HPOS="564"/>
<String CONTENT="Instruments;" HEIGHT="55" WIDTH="566" VPOS="2446" HPOS="119"/>
<SP HEIGHT="30" WIDTH="21" VPOS="2471" HPOS="218"/>
<String CONTENT="8May72" HEIGHT="30" WIDTH="101" VPOS="2471" HPOS="240"/>
<SP HEIGHT="28" WIDTH="22" VPOS="2474" HPOS="342"/>
<String CONTENT="(in" HEIGHT="28" WIDTH="44" VPOS="2474" HPOS="365"/>
<SP HEIGHT="14" WIDTH="17" VPOS="2482" HPOS="410"/>
<String CONTENT="notice:" HEIGHT="20" WIDTH="113" VPOS="2477" HPOS="428"/>
<SP HEIGHT="21" WIDTH="24" VPOS="2476" HPOS="542"/>
<String CONTENT="1971);" HEIGHT="31" WIDTH="95" VPOS="2473" HPOS="567"/>
</TextLine>
<TextLine HEIGHT="29" WIDTH="133" VPOS="2500" HPOS="119">
<!-- cceid B8C684E1-6E5A-1014-8662-AF35A7EA7700 --><String CONTENT="A362524." HEIGHT="29" WIDTH="133" VPOS="2500" HPOS="119"/>
</TextLine>
<TextLine HEIGHT="29" WIDTH="304" VPOS="2573" HPOS="46">
<String CONTENT="HARNER," HEIGHT="28" WIDTH="115" VPOS="2574" HPOS="46"/>
<SP HEIGHT="26" WIDTH="20" VPOS="2575" HPOS="162"/>
<String CONTENT="RICHARD" HEIGHT="22" WIDTH="120" VPOS="2573" HPOS="183"/>
<SP HEIGHT="21" WIDTH="15" VPOS="2574" HPOS="304"/>
<String CONTENT="N." HEIGHT="21" WIDTH="30" VPOS="2574" HPOS="320"/>
</TextLine>
<TextLine HEIGHT="28" WIDTH="546" VPOS="2602" HPOS="81">
<String CONTENT="Glossary" HEIGHT="25" WIDTH="136" VPOS="2605" HPOS="81"/>
<SP HEIGHT="20" WIDTH="18" VPOS="2609" HPOS="218"/>
<String CONTENT="of" HEIGHT="19" WIDTH="30" VPOS="2605" HPOS="237"/>
<SP HEIGHT="19" WIDTH="19" VPOS="2605" HPOS="268"/>
<String CONTENT="computer" HEIGHT="24" WIDTH="134" VPOS="2604" HPOS="288"/>
<SP HEIGHT="19" WIDTH="19" VPOS="2604" HPOS="423"/>
<String CONTENT="terms." HEIGHT="19" WIDTH="95" VPOS="2604" HPOS="443"/>
<SP HEIGHT="21" WIDTH="39" VPOS="2602" HPOS="539"/>
<String CONTENT="See" HEIGHT="19" WIDTH="48" VPOS="2602" HPOS="579"/>
</TextLine>
<TextLine HEIGHT="28" WIDTH="321" VPOS="2632" HPOS="115">
<String CONTENT="HARNER," HEIGHT="27" WIDTH="116" VPOS="2633" HPOS="115"/>
<SP HEIGHT="26" WIDTH="21" VPOS="2633" HPOS="232"/>
<String CONTENT="PATRICIA" HEIGHT="22" WIDTH="133" VPOS="2632" HPOS="254"/>
<SP HEIGHT="21" WIDTH="18" VPOS="2632" HPOS="388"/>
<String CONTENT="F." HEIGHT="19" WIDTH="29" VPOS="2634" HPOS="407"/>
</TextLine>
<TextLine HEIGHT="26" WIDTH="303" VPOS="2701" HPOS="56">
<String CONTENT="HARNEY," HEIGHT="25" WIDTH="112" VPOS="2702" HPOS="56"/>
<SP HEIGHT="25" WIDTH="22" VPOS="2701" HPOS="169"/>
<String CONTENT="SHIRLEY" HEIGHT="20" WIDTH="121" VPOS="2701" HPOS="192"/>
<SP HEIGHT="19" WIDTH="14" VPOS="2702" HPOS="314"/>
<String CONTENT="A." HEIGHT="20" WIDTH="30" VPOS="2702" HPOS="329"/>
</TextLine>
<TextLine HEIGHT="29" WIDTH="635" VPOS="2724" HPOS="90">
<String CONTENT="Aerial" HEIGHT="22" WIDTH="100" VPOS="2727" HPOS="90"/>
<SP HEIGHT="19" WIDTH="21" VPOS="2727" HPOS="190"/>
<String CONTENT="football;" HEIGHT="25" WIDTH="148" VPOS="2727" HPOS="211"/>
<SP HEIGHT="20" WIDTH="21" VPOS="2732" HPOS="360"/>
<String CONTENT="an" HEIGHT="15" WIDTH="33" VPOS="2732" HPOS="382"/>
<SP HEIGHT="19" WIDTH="19" VPOS="2727" HPOS="415"/>
<String CONTENT="in" HEIGHT="19" WIDTH="33" VPOS="2727" HPOS="434"/>
<SP HEIGHT="15" WIDTH="20" VPOS="2731" HPOS="467"/>
<String CONTENT="season," HEIGHT="21" WIDTH="113" VPOS="2729" HPOS="487"/>
<SP HEIGHT="20" WIDTH="24" VPOS="2729" HPOS="600"/>
<String CONTENT="out" HEIGHT="19" WIDTH="48" VPOS="2726" HPOS="624"/>
<SP HEIGHT="18" WIDTH="20" VPOS="2726" HPOS="672"/>
<String CONTENT="of" HEIGHT="20" WIDTH="33" VPOS="2724" HPOS="692"/>
</TextLine>
<TextLine HEIGHT="25" WIDTH="491" VPOS="2756" HPOS="127" CS="1">
<String CONTENT="season" HEIGHT="16" WIDTH="100" VPOS="2760" HPOS="127"/>
<SP HEIGHT="20" WIDTH="16" VPOS="2761" HPOS="228"/>
<String CONTENT="game," HEIGHT="21" WIDTH="80" VPOS="2760" HPOS="245"/>
<SP HEIGHT="24" WIDTH="21" VPOS="2757" HPOS="326"/>
<String CONTENT="by" HEIGHT="24" WIDTH="32" VPOS="2757" HPOS="348"/>
<SP HEIGHT="24" WIDTH="18" VPOS="2757" HPOS="381"/>
<String CONTENT="S." HEIGHT="20" WIDTH="29" VPOS="2757" HPOS="400"/>
<SP HEIGHT="20" WIDTH="20" VPOS="2757" HPOS="430"/>
<String CONTENT="A." HEIGHT="19" WIDTH="29" VPOS="2757" HPOS="451"/>
<SP HEIGHT="20" WIDTH="21" VPOS="2757" HPOS="481"/>
<String CONTENT="Harney." HEIGHT="24" WIDTH="115" VPOS="2756" HPOS="503"/>
</TextLine>
<TextLine HEIGHT="30" WIDTH="531" VPOS="2780" HPOS="125" CS="1">
<String CONTENT="&#169;" HEIGHT="20" WIDTH="20" VPOS="2786" HPOS="125"/>
<SP HEIGHT="20" WIDTH="13" VPOS="2786" HPOS="146"/>
<String CONTENT="S." HEIGHT="20" WIDTH="28" VPOS="2786" HPOS="160"/>
<SP HEIGHT="19" WIDTH="22" VPOS="2786" HPOS="189"/>
<String CONTENT="A." HEIGHT="19" WIDTH="29" VPOS="2786" HPOS="212"/>
<SP HEIGHT="19" WIDTH="21" VPOS="2787" HPOS="242"/>
<String CONTENT="Harney;" HEIGHT="23" WIDTH="111" VPOS="2787" HPOS="264"/>
<SP HEIGHT="23" WIDTH="23" VPOS="2786" HPOS="376"/>
<String CS="1" CONTENT="3Oct72;" HEIGHT="24" WIDTH="113" VPOS="2785" HPOS="400"/>
<SP HEIGHT="24" WIDTH="23" VPOS="2785" HPOS="514"/>
<!-- cceid B8C9A743-6E5A-1014-8662-AF35A7EA7700 --><String CS="1" CONTENT="A380795." HEIGHT="29" WIDTH="118" VPOS="2780" HPOS="538"/>
</TextLine>
<TextLine HEIGHT="33" WIDTH="490" VPOS="2842" HPOS="65">
<String CONTENT="HARNSBERGER," HEIGHT="32" WIDTH="201" VPOS="2843" HPOS="65"/>
<SP HEIGHT="26" WIDTH="22" VPOS="2848" HPOS="267"/>
<String CONTENT="CAROLINE" HEIGHT="24" WIDTH="133" VPOS="2846" HPOS="290"/>
<SP HEIGHT="21" WIDTH="16" VPOS="2849" HPOS="424"/>
<String CONTENT="THOMAS." HEIGHT="23" WIDTH="114" VPOS="2848" HPOS="441"/>
</TextLine>
<TextLine HEIGHT="34" WIDTH="612" VPOS="2874" HPOS="99">
<String CONTENT="Everyone's" HEIGHT="29" WIDTH="168" VPOS="2875" HPOS="99"/>
<SP HEIGHT="20" WIDTH="18" VPOS="2879" HPOS="268"/>
<String CONTENT="Mark" HEIGHT="20" WIDTH="66" VPOS="2879" HPOS="287"/>
<SP HEIGHT="19" WIDTH="17" VPOS="2880" HPOS="354"/>
<String CONTENT="Twain." HEIGHT="20" WIDTH="96" VPOS="2880" HPOS="372"/>
<SP HEIGHT="20" WIDTH="41" VPOS="2880" HPOS="469"/>
<String CONTENT="See" HEIGHT="21" WIDTH="48" VPOS="2879" HPOS="511"/>
<SP HEIGHT="20" WIDTH="19" VPOS="2880" HPOS="560"/>
<String CONTENT="CLEMENS," HEIGHT="26" WIDTH="131" VPOS="2880" HPOS="580"/>
</TextLine>
<TextLine HEIGHT="22" WIDTH="284" VPOS="2907" HPOS="134">
<String CONTENT="SAMUEL" HEIGHT="20" WIDTH="103" VPOS="2907" HPOS="134"/>
<SP HEIGHT="20" WIDTH="16" VPOS="2908" HPOS="238"/>
<String CONTENT="LANGHORNE." HEIGHT="21" WIDTH="163" VPOS="2908" HPOS="255"/>
</TextLine>
</TextBlock>
<TextBlock ID="Page2893_Block4" HEIGHT="2659" WIDTH="735" VPOS="253" HPOS="793" LANG="en-US" CS="1" STYLEREFS="StyleId-79E9300B-4F40-40BB-B223-7B5C77328C4C-">
<Shape>
<Polygon POINTS="1405,253 1522,253 1522,572 1523,572 1523,1004 1524,1004 1524,1435 1525,1435 1525,1866 1526,1866 1526,2297 1527,2297 1527,2728 1528,2728 1528,2910 1409,2910 1409,2911 978,2911 978,2912 799,2912 799,2732 798,2732 798,2300 797,2300 797,1869 796,1869 796,1438 795,1438 795,1007 794,1007 794,576 793,576 793,255 974,255 974,254 1405,254 1405,253"/>
</Shape>
<TextLine HEIGHT="37" WIDTH="661" VPOS="258" HPOS="804">
<String CONTENT="HAROLD" HEIGHT="20" WIDTH="102" VPOS="272" HPOS="804"/>
<SP HEIGHT="20" WIDTH="17" VPOS="271" HPOS="907"/>
<String CONTENT="C." HEIGHT="21" WIDTH="26" VPOS="271" HPOS="925"/>
<SP HEIGHT="22" WIDTH="22" VPOS="270" HPOS="952"/>
<String CONTENT="MACK" HEIGHT="21" WIDTH="66" VPOS="269" HPOS="975"/>
<SP HEIGHT="21" WIDTH="19" VPOS="269" HPOS="1042"/>
<String CONTENT="SYMPOSIUM," HEIGHT="25" WIDTH="162" VPOS="268" HPOS="1062"/>
<SP HEIGHT="34" WIDTH="22" VPOS="259" HPOS="1225"/>
<String CONTENT="6TH," HEIGHT="35" WIDTH="62" VPOS="259" HPOS="1248"/>
<SP HEIGHT="26" WIDTH="24" VPOS="268" HPOS="1311"/>
<String CONTENT="DETROIT," HEIGHT="26" WIDTH="129" VPOS="266" HPOS="1336"/>
</TextLine>
<TextLine HEIGHT="24" WIDTH="76" VPOS="301" HPOS="840">
<String CONTENT="1970." HEIGHT="24" WIDTH="76" VPOS="301" HPOS="840"/>
</TextLine>
<TextLine HEIGHT="28" WIDTH="580" VPOS="326" HPOS="839">
<String CONTENT="Biology" HEIGHT="24" WIDTH="116" VPOS="330" HPOS="839"/>
<SP HEIGHT="21" WIDTH="19" VPOS="333" HPOS="956"/>
<String CONTENT="of" HEIGHT="20" WIDTH="30" VPOS="328" HPOS="976"/>
<SP HEIGHT="20" WIDTH="17" VPOS="328" HPOS="1007"/>
<String CONTENT="mammalian" HEIGHT="21" WIDTH="154" VPOS="328" HPOS="1025"/>
<SP HEIGHT="18" WIDTH="18" VPOS="328" HPOS="1180"/>
<String CONTENT="fertilization" HEIGHT="21" WIDTH="220" VPOS="326" HPOS="1199"/>
</TextLine>
<TextLine HEIGHT="28" WIDTH="574" VPOS="355" HPOS="873">
<String CONTENT="and" HEIGHT="20" WIDTH="48" VPOS="359" HPOS="873"/>
<SP HEIGHT="20" WIDTH="21" VPOS="359" HPOS="922"/>
<String CONTENT="Implantation." HEIGHT="26" WIDTH="212" VPOS="357" HPOS="944"/>
<SP HEIGHT="20" WIDTH="42" VPOS="357" HPOS="1157"/>
<String CONTENT="Proceedings" HEIGHT="24" WIDTH="183" VPOS="356" HPOS="1200"/>
<SP HEIGHT="16" WIDTH="23" VPOS="360" HPOS="1384"/>
<String CONTENT="..." HEIGHT="5" WIDTH="39" VPOS="370" HPOS="1408"/>
</TextLine>
<TextLine HEIGHT="25" WIDTH="529" VPOS="385" HPOS="872">
<String CONTENT="October" HEIGHT="21" WIDTH="119" VPOS="386" HPOS="872"/>
<SP HEIGHT="19" WIDTH="18" VPOS="387" HPOS="992"/>
<String CONTENT="29-30," HEIGHT="23" WIDTH="93" VPOS="386" HPOS="1011"/>
<SP HEIGHT="23" WIDTH="25" VPOS="386" HPOS="1105"/>
<String CONTENT="1970." HEIGHT="24" WIDTH="77" VPOS="385" HPOS="1131"/>
<SP HEIGHT="21" WIDTH="39" VPOS="385" HPOS="1209"/>
<String CONTENT="Edited" HEIGHT="20" WIDTH="100" VPOS="385" HPOS="1249"/>
<SP HEIGHT="19" WIDTH="20" VPOS="385" HPOS="1350"/>
<String CONTENT="by" HEIGHT="24" WIDTH="30" VPOS="385" HPOS="1371"/>
</TextLine>
<TextLine HEIGHT="27" WIDTH="488" VPOS="413" HPOS="873" CS="1">
<String CONTENT="Kamran" HEIGHT="21" WIDTH="101" VPOS="415" HPOS="873"/>
<SP HEIGHT="19" WIDTH="17" VPOS="415" HPOS="975"/>
<String CONTENT="S." HEIGHT="20" WIDTH="25" VPOS="415" HPOS="993"/>
<SP HEIGHT="20" WIDTH="24" VPOS="415" HPOS="1019"/>
<String CONTENT="Moghissi" HEIGHT="25" WIDTH="133" VPOS="414" HPOS="1044"/>
<SP HEIGHT="19" WIDTH="19" VPOS="415" HPOS="1178"/>
<String CONTENT="&amp;" HEIGHT="18" WIDTH="17" VPOS="415" HPOS="1198"/>
<SP HEIGHT="19" WIDTH="15" VPOS="414" HPOS="1216"/>
<String CONTENT="E." HEIGHT="20" WIDTH="27" VPOS="414" HPOS="1232"/>
<SP HEIGHT="20" WIDTH="24" VPOS="414" HPOS="1260"/>
<String CONTENT="S." HEIGHT="20" WIDTH="25" VPOS="414" HPOS="1285"/>
<SP HEIGHT="21" WIDTH="24" VPOS="413" HPOS="1311"/>
<String CONTENT="E." HEIGHT="21" WIDTH="25" VPOS="413" HPOS="1336"/>
</TextLine>
<TextLine HEIGHT="29" WIDTH="540" VPOS="440" HPOS="873">
<String CONTENT="Hafez." HEIGHT="20" WIDTH="96" VPOS="445" HPOS="873"/>
<SP HEIGHT="22" WIDTH="39" VPOS="443" HPOS="970"/>
<String CONTENT="Springfield," HEIGHT="25" WIDTH="197" VPOS="443" HPOS="1010"/>
<SP HEIGHT="24" WIDTH="25" VPOS="443" HPOS="1208"/>
<String CONTENT="Ill.," HEIGHT="23" WIDTH="76" VPOS="443" HPOS="1234"/>
<SP HEIGHT="24" WIDTH="24" VPOS="442" HPOS="1311"/>
<String CONTENT="C." HEIGHT="21" WIDTH="25" VPOS="442" HPOS="1336"/>
<SP HEIGHT="22" WIDTH="25" VPOS="441" HPOS="1362"/>
<String CONTENT="C." HEIGHT="23" WIDTH="25" VPOS="440" HPOS="1388"/>
</TextLine>
<TextLine HEIGHT="57" WIDTH="598" VPOS="470" HPOS="872" CS="1">
<String CONTENT="Thomas." HEIGHT="21" WIDTH="112" VPOS="472" HPOS="872"/>
<SP HEIGHT="23" WIDTH="40" VPOS="473" HPOS="985"/>
<String CONTENT="509" HEIGHT="24" WIDTH="50" VPOS="472" HPOS="1026"/>
<SP HEIGHT="25" WIDTH="17" VPOS="472" HPOS="1077"/>
<String CONTENT="p." HEIGHT="20" WIDTH="26" VPOS="477" HPOS="1095"/>
<SP HEIGHT="21" WIDTH="42" VPOS="471" HPOS="1122"/>
<String CONTENT="Appl." HEIGHT="25" WIDTH="76" VPOS="471" HPOS="1165"/>
<SP HEIGHT="16" WIDTH="26" VPOS="476" HPOS="1242"/>
<String CONTENT="states" HEIGHT="19" WIDTH="98" VPOS="472" HPOS="1269"/>
<SP HEIGHT="16" WIDTH="19" VPOS="475" HPOS="1368"/>
<String CONTENT="copyright" HEIGHT="53" WIDTH="578" VPOS="474" HPOS="874"/>
<SP HEIGHT="20" WIDTH="18" VPOS="501" HPOS="956"/>
<String CONTENT="not" HEIGHT="19" WIDTH="48" VPOS="501" HPOS="975"/>
<SP HEIGHT="19" WIDTH="20" VPOS="501" HPOS="1024"/>
<String CONTENT="claimed" HEIGHT="20" WIDTH="116" VPOS="501" HPOS="1045"/>
<SP HEIGHT="20" WIDTH="21" VPOS="501" HPOS="1162"/>
<String CONTENT="In" HEIGHT="20" WIDTH="30" VPOS="501" HPOS="1184"/>
<SP HEIGHT="16" WIDTH="17" VPOS="504" HPOS="1215"/>
<String CONTENT="any" HEIGHT="21" WIDTH="48" VPOS="504" HPOS="1233"/>
<SP HEIGHT="19" WIDTH="19" VPOS="506" HPOS="1282"/>
<String CONTENT="portion" HEIGHT="25" WIDTH="118" VPOS="500" HPOS="1302"/>
<SP HEIGHT="14" WIDTH="18" VPOS="504" HPOS="1421"/>
<String CONTENT="of" HEIGHT="20" WIDTH="30" VPOS="498" HPOS="1440"/>
</TextLine>
<TextLine HEIGHT="28" WIDTH="631" VPOS="527" HPOS="873" CS="1">
<String CONTENT="work" HEIGHT="19" WIDTH="67" VPOS="531" HPOS="873"/>
<SP HEIGHT="19" WIDTH="18" VPOS="531" HPOS="941"/>
<String CONTENT="written" HEIGHT="21" WIDTH="117" VPOS="530" HPOS="960"/>
<SP HEIGHT="19" WIDTH="18" VPOS="530" HPOS="1078"/>
<String CONTENT="by" HEIGHT="24" WIDTH="30" VPOS="530" HPOS="1097"/>
<SP HEIGHT="19" WIDTH="18" VPOS="535" HPOS="1128"/>
<String CONTENT="a" HEIGHT="14" WIDTH="15" VPOS="535" HPOS="1147"/>
<SP HEIGHT="21" WIDTH="17" VPOS="528" HPOS="1163"/>
<String CONTENT="U.S." HEIGHT="22" WIDTH="60" VPOS="528" HPOS="1181"/>
<SP HEIGHT="21" WIDTH="25" VPOS="529" HPOS="1242"/>
<String CS="1" CONTENT="Govt." HEIGHT="20" WIDTH="64" VPOS="529" HPOS="1268"/>
<SP HEIGHT="15" WIDTH="24" VPOS="534" HPOS="1346"/>
<String CONTENT="employee" HEIGHT="26" WIDTH="133" VPOS="528" HPOS="1371"/>
</TextLine>
<TextLine HEIGHT="28" WIDTH="559" VPOS="556" HPOS="873" CS="1">
<String CONTENT="as" HEIGHT="15" WIDTH="33" VPOS="564" HPOS="873"/>
<SP HEIGHT="15" WIDTH="19" VPOS="564" HPOS="906"/>
<String CONTENT="a" HEIGHT="15" WIDTH="16" VPOS="564" HPOS="925"/>
<SP HEIGHT="20" WIDTH="19" VPOS="564" HPOS="941"/>
<String CONTENT="part" HEIGHT="25" WIDTH="64" VPOS="559" HPOS="960"/>
<SP HEIGHT="19" WIDTH="21" VPOS="559" HPOS="1024"/>
<String CONTENT="of" HEIGHT="20" WIDTH="31" VPOS="558" HPOS="1045"/>
<SP HEIGHT="19" WIDTH="20" VPOS="558" HPOS="1076"/>
<String CONTENT="his" HEIGHT="20" WIDTH="49" VPOS="558" HPOS="1096"/>
<SP HEIGHT="15" WIDTH="21" VPOS="563" HPOS="1145"/>
<String CONTENT="official" HEIGHT="21" WIDTH="133" VPOS="557" HPOS="1166"/>
<SP HEIGHT="20" WIDTH="20" VPOS="558" HPOS="1299"/>
<String CONTENT="duties." HEIGHT="21" WIDTH="113" VPOS="557" HPOS="1319"/>
</TextLine>
<TextLine HEIGHT="26" WIDTH="525" VPOS="589" HPOS="873">
<String CONTENT="&#169;" HEIGHT="20" WIDTH="20" VPOS="590" HPOS="873"/>
<SP HEIGHT="20" WIDTH="15" VPOS="590" HPOS="894"/>
<String CONTENT="Charles" HEIGHT="22" WIDTH="115" VPOS="589" HPOS="910"/>
<SP HEIGHT="21" WIDTH="20" VPOS="589" HPOS="1026"/>
<String CONTENT="C." HEIGHT="22" WIDTH="25" VPOS="589" HPOS="1047"/>
<SP HEIGHT="21" WIDTH="24" VPOS="590" HPOS="1073"/>
<String CONTENT="Thomas," HEIGHT="24" WIDTH="112" VPOS="590" HPOS="1098"/>
<SP HEIGHT="23" WIDTH="25" VPOS="591" HPOS="1211"/>
<String CONTENT="Publisher;" HEIGHT="23" WIDTH="161" VPOS="591" HPOS="1237"/>
</TextLine>
<TextLine HEIGHT="29" WIDTH="281" VPOS="615" HPOS="877" CS="1">
<String CS="1" CONTENT="11Jul72;" HEIGHT="24" WIDTH="126" VPOS="619" HPOS="877"/>
<SP HEIGHT="23" WIDTH="24" VPOS="619" HPOS="1004"/>
<!-- cceid B8CD0C73-6E5A-1014-8662-AF35A7EA7700 --><String CONTENT="A358103." HEIGHT="28" WIDTH="129" VPOS="615" HPOS="1029"/>
</TextLine>
<TextLine HEIGHT="27" WIDTH="443" VPOS="687" HPOS="816">
<String CONTENT="HAROLD" HEIGHT="21" WIDTH="103" VPOS="689" HPOS="816"/>
<SP HEIGHT="19" WIDTH="16" VPOS="690" HPOS="920"/>
<String CONTENT="TELEPHONE" HEIGHT="22" WIDTH="154" VPOS="687" HPOS="937"/>
<SP HEIGHT="20" WIDTH="17" VPOS="687" HPOS="1092"/>
<String CONTENT="CO.," HEIGHT="26" WIDTH="63" VPOS="687" HPOS="1110"/>
<SP HEIGHT="26" WIDTH="22" VPOS="687" HPOS="1174"/>
<String CONTENT="INC." HEIGHT="20" WIDTH="62" VPOS="687" HPOS="1197"/>
</TextLine>
<TextLine HEIGHT="32" WIDTH="665" VPOS="711" HPOS="852">
<String CONTENT="Harold," HEIGHT="25" WIDTH="115" VPOS="718" HPOS="852"/>
<SP HEIGHT="25" WIDTH="21" VPOS="718" HPOS="968"/>
<String CONTENT="Grethel," HEIGHT="25" WIDTH="131" VPOS="715" HPOS="990"/>
<SP HEIGHT="24" WIDTH="19" VPOS="716" HPOS="1122"/>
<String CONTENT="Wheelwright," HEIGHT="25" WIDTH="203" VPOS="714" HPOS="1142"/>
<SP HEIGHT="25" WIDTH="21" VPOS="714" HPOS="1346"/>
<String CONTENT="Kentucky," HEIGHT="26" WIDTH="149" VPOS="711" HPOS="1368"/>
</TextLine>
<TextLine HEIGHT="31" WIDTH="545" VPOS="741" HPOS="887" CS="1">
<String CONTENT="and" HEIGHT="20" WIDTH="47" VPOS="747" HPOS="887"/>
<SP HEIGHT="19" WIDTH="22" VPOS="747" HPOS="935"/>
<String CONTENT="others," HEIGHT="26" WIDTH="112" VPOS="746" HPOS="958"/>
<SP HEIGHT="27" WIDTH="23" VPOS="744" HPOS="1071"/>
<String CONTENT="telephone" HEIGHT="25" WIDTH="149" VPOS="744" HPOS="1095"/>
<SP HEIGHT="19" WIDTH="20" VPOS="743" HPOS="1245"/>
<String CONTENT="directory." HEIGHT="25" WIDTH="166" VPOS="741" HPOS="1266"/>
</TextLine>
<TextLine HEIGHT="30" WIDTH="529" VPOS="771" HPOS="885" CS="1">
<String CONTENT="Appl." HEIGHT="25" WIDTH="82" VPOS="776" HPOS="885"/>
<SP HEIGHT="17" WIDTH="20" VPOS="779" HPOS="968"/>
<String CONTENT="author:" HEIGHT="21" WIDTH="115" VPOS="774" HPOS="989"/>
<SP HEIGHT="20" WIDTH="23" VPOS="774" HPOS="1105"/>
<String CONTENT="L." HEIGHT="21" WIDTH="28" VPOS="774" HPOS="1129"/>
<SP HEIGHT="22" WIDTH="18" VPOS="773" HPOS="1158"/>
<String CONTENT="M," HEIGHT="22" WIDTH="31" VPOS="773" HPOS="1177"/>
<SP HEIGHT="21" WIDTH="20" VPOS="774" HPOS="1209"/>
<String CONTENT="Berry" HEIGHT="22" WIDTH="84" VPOS="774" HPOS="1230"/>
<SP HEIGHT="22" WIDTH="18" VPOS="774" HPOS="1315"/>
<String CONTENT="&amp;" HEIGHT="19" WIDTH="15" VPOS="774" HPOS="1334"/>
<SP HEIGHT="21" WIDTH="19" VPOS="772" HPOS="1350"/>
<String CONTENT="Co." HEIGHT="20" WIDTH="44" VPOS="771" HPOS="1370"/>
</TextLine>
<TextLine HEIGHT="26" WIDTH="477" VPOS="801" HPOS="886" CS="1">
<String CONTENT="&#169;" HEIGHT="20" WIDTH="19" VPOS="806" HPOS="886"/>
<SP HEIGHT="21" WIDTH="15" VPOS="805" HPOS="906"/>
<String CONTENT="Harold" HEIGHT="23" WIDTH="98" VPOS="802" HPOS="922"/>
<SP HEIGHT="20" WIDTH="19" VPOS="803" HPOS="1021"/>
<String CONTENT="Telephone" HEIGHT="25" WIDTH="152" VPOS="801" HPOS="1041"/>
<SP HEIGHT="18" WIDTH="20" VPOS="802" HPOS="1194"/>
<String CONTENT="Co.," HEIGHT="22" WIDTH="61" VPOS="802" HPOS="1215"/>
<SP HEIGHT="23" WIDTH="24" VPOS="801" HPOS="1277"/>
<String CONTENT="Inc." HEIGHT="19" WIDTH="61" VPOS="801" HPOS="1302"/>
</TextLine>
<TextLine HEIGHT="34" WIDTH="408" VPOS="824" HPOS="886" CS="1">
<String CONTENT="Aug72." HEIGHT="27" WIDTH="99" VPOS="831" HPOS="886"/>
<SP HEIGHT="20" WIDTH="35" VPOS="832" HPOS="986"/>
<String CONTENT="&#169;" HEIGHT="20" WIDTH="20" VPOS="832" HPOS="1022"/>
<SP HEIGHT="22" WIDTH="17" VPOS="830" HPOS="1043"/>
<String CS="1" CONTENT="1Aug;" HEIGHT="24" WIDTH="67" VPOS="830" HPOS="1072"/>
<SP HEIGHT="25" WIDTH="20" VPOS="829" HPOS="1140"/>
<!-- cceid B8CEB848-6E5A-1014-8662-AF35A7EA7700 --><String CONTENT="A369400." HEIGHT="29" WIDTH="133" VPOS="824" HPOS="1161"/>
</TextLine>
<TextLine HEIGHT="26" WIDTH="337" VPOS="885" HPOS="813">
<String CONTENT="HAROSI," HEIGHT="25" WIDTH="115" VPOS="886" HPOS="813"/>
<SP HEIGHT="24" WIDTH="22" VPOS="887" HPOS="929"/>
<String CONTENT="FERENC" HEIGHT="19" WIDTH="97" VPOS="886" HPOS="952"/>
<SP HEIGHT="18" WIDTH="21" VPOS="886" HPOS="1050"/>
<String CONTENT="IMRE." HEIGHT="20" WIDTH="78" VPOS="886" HPOS="1072"/>
</TextLine>
<TextLine HEIGHT="27" WIDTH="651" VPOS="912" HPOS="848">
<String CONTENT="Frog" HEIGHT="25" WIDTH="68" VPOS="914" HPOS="848"/>
<SP HEIGHT="21" WIDTH="17" VPOS="918" HPOS="917"/>
<String CONTENT="rhodops" HEIGHT="26" WIDTH="115" VPOS="913" HPOS="935"/>
<SP HEIGHT="19" WIDTH="20" VPOS="914" HPOS="1051"/>
<String CONTENT="in" HEIGHT="19" WIDTH="32" VPOS="914" HPOS="1072"/>
<SP HEIGHT="20" WIDTH="18" VPOS="913" HPOS="1105"/>
<String CONTENT="in" HEIGHT="20" WIDTH="32" VPOS="913" HPOS="1124"/>
<SP HEIGHT="16" WIDTH="18" VPOS="918" HPOS="1157"/>
<String CONTENT="situ:" HEIGHT="21" WIDTH="77" VPOS="914" HPOS="1176"/>
<SP HEIGHT="16" WIDTH="24" VPOS="919" HPOS="1254"/>
<String CONTENT="orientational" HEIGHT="22" WIDTH="220" VPOS="913" HPOS="1279"/>
</TextLine>
<TextLine HEIGHT="56" WIDTH="631" VPOS="941" HPOS="882" CS="1">
<String CONTENT="and" HEIGHT="20" WIDTH="49" VPOS="943" HPOS="883"/>
<SP HEIGHT="20" WIDTH="19" VPOS="943" HPOS="933"/>
<String CONTENT="spectral" HEIGHT="26" WIDTH="133" VPOS="942" HPOS="953"/>
<SP HEIGHT="19" WIDTH="17" VPOS="942" HPOS="1087"/>
<String CONTENT="changes" HEIGHT="25" WIDTH="118" VPOS="942" HPOS="1105"/>
<SP HEIGHT="20" WIDTH="20" VPOS="943" HPOS="1224"/>
<String CONTENT="in" HEIGHT="20" WIDTH="31" VPOS="943" HPOS="1245"/>
<SP HEIGHT="19" WIDTH="18" VPOS="944" HPOS="1277"/>
<String CONTENT="the" HEIGHT="20" WIDTH="48" VPOS="943" HPOS="1296"/>
<SP HEIGHT="15" WIDTH="19" VPOS="948" HPOS="1345"/>
<String CONTENT="chromophores" HEIGHT="55" WIDTH="585" VPOS="942" HPOS="882"/>
<SP HEIGHT="15" WIDTH="20" VPOS="976" HPOS="982"/>
<String CONTENT="of" HEIGHT="20" WIDTH="31" VPOS="971" HPOS="1003"/>
<SP HEIGHT="20" WIDTH="20" VPOS="971" HPOS="1035"/>
<String CONTENT="Isolated" HEIGHT="20" WIDTH="133" VPOS="971" HPOS="1056"/>
<SP HEIGHT="19" WIDTH="20" VPOS="972" HPOS="1190"/>
<String CONTENT="retinal" HEIGHT="20" WIDTH="116" VPOS="972" HPOS="1211"/>
<SP HEIGHT="20" WIDTH="19" VPOS="972" HPOS="1328"/>
<String CONTENT="rod" HEIGHT="20" WIDTH="48" VPOS="972" HPOS="1348"/>
<SP HEIGHT="21" WIDTH="19" VPOS="971" HPOS="1397"/>
<String CONTENT="cells." HEIGHT="20" WIDTH="96" VPOS="971" HPOS="1417"/>
</TextLine>
<TextLine HEIGHT="28" WIDTH="549" VPOS="999" HPOS="883">
<String CONTENT="Ann" HEIGHT="19" WIDTH="51" VPOS="1001" HPOS="883"/>
<SP HEIGHT="19" WIDTH="18" VPOS="1001" HPOS="934"/>
<String CONTENT="Arbor," HEIGHT="26" WIDTH="97" VPOS="1000" HPOS="952"/>
<SP HEIGHT="25" WIDTH="23" VPOS="1000" HPOS="1049"/>
<String CONTENT="University" HEIGHT="26" WIDTH="170" VPOS="1000" HPOS="1072"/>
<SP HEIGHT="24" WIDTH="18" VPOS="1002" HPOS="1242"/>
<String CONTENT="Microfilms" HEIGHT="21" WIDTH="172" VPOS="1000" HPOS="1260"/>
</TextLine>
<TextLine HEIGHT="62" WIDTH="632" VPOS="1025" HPOS="884" CS="1">
<String CONTENT="Library" HEIGHT="26" WIDTH="116" VPOS="1028" HPOS="885"/>
<SP HEIGHT="24" WIDTH="19" VPOS="1029" HPOS="1002"/>
<String CONTENT="Services" HEIGHT="20" WIDTH="133" VPOS="1029" HPOS="1022"/>
<SP HEIGHT="28" WIDTH="23" VPOS="1027" HPOS="1156"/>
<String CONTENT="(72-16,903)" HEIGHT="31" WIDTH="180" VPOS="1026" HPOS="1180"/>
<SP HEIGHT="30" WIDTH="38" VPOS="1027" HPOS="1361"/>
<String CONTENT="Microfilm." HEIGHT="50" WIDTH="601" VPOS="1029" HPOS="884"/>
<SP HEIGHT="31" WIDTH="42" VPOS="1055" HPOS="964"/>
<String CONTENT="(Doctoral" HEIGHT="30" WIDTH="149" VPOS="1055" HPOS="1007"/>
<SP HEIGHT="19" WIDTH="18" VPOS="1058" HPOS="1157"/>
<String CONTENT="dissertation" HEIGHT="20" WIDTH="206" VPOS="1059" HPOS="1176"/>
<SP HEIGHT="15" WIDTH="20" VPOS="1064" HPOS="1383"/>
<String CONTENT="series)" HEIGHT="31" WIDTH="112" VPOS="1055" HPOS="1404"/>
</TextLine>
<TextLine HEIGHT="29" WIDTH="513" VPOS="1085" HPOS="881">
<String CONTENT="&#169;" HEIGHT="20" WIDTH="19" VPOS="1086" HPOS="881"/>
<SP HEIGHT="21" WIDTH="17" VPOS="1086" HPOS="901"/>
<String CONTENT="Ferenc" HEIGHT="21" WIDTH="98" VPOS="1086" HPOS="919"/>
<SP HEIGHT="20" WIDTH="21" VPOS="1086" HPOS="1018"/>
<String CONTENT="Imre" HEIGHT="20" WIDTH="64" VPOS="1086" HPOS="1040"/>
<SP HEIGHT="20" WIDTH="17" VPOS="1087" HPOS="1105"/>
<String CONTENT="Harosi;" HEIGHT="24" WIDTH="115" VPOS="1087" HPOS="1123"/>
<SP HEIGHT="23" WIDTH="21" VPOS="1088" HPOS="1239"/>
<String CONTENT="30Jun72;" HEIGHT="26" WIDTH="133" VPOS="1087" HPOS="1261"/>
</TextLine>
<TextLine HEIGHT="30" WIDTH="131" VPOS="1110" HPOS="883">
<!-- cceid B8D05FB1-6E5A-1014-8662-AF35A7EA7700 --><String CONTENT="A351314." HEIGHT="30" WIDTH="131" VPOS="1110" HPOS="883"/>
</TextLine>
<TextLine HEIGHT="26" WIDTH="235" VPOS="1170" HPOS="804">
<String CONTENT="HARP," HEIGHT="25" WIDTH="80" VPOS="1171" HPOS="804"/>
<SP HEIGHT="25" WIDTH="20" VPOS="1171" HPOS="885"/>
<String CONTENT="WILLIAM." HEIGHT="21" WIDTH="133" VPOS="1170" HPOS="906"/>
</TextLine>
<TextLine HEIGHT="27" WIDTH="547" VPOS="1196" HPOS="840">
<String CONTENT="Instructor's" HEIGHT="22" WIDTH="202" VPOS="1197" HPOS="840"/>
<SP HEIGHT="21" WIDTH="18" VPOS="1201" HPOS="1043"/>
<String CONTENT="guide" HEIGHT="25" WIDTH="84" VPOS="1197" HPOS="1062"/>
<SP HEIGHT="19" WIDTH="20" VPOS="1197" HPOS="1147"/>
<String CONTENT="to" HEIGHT="19" WIDTH="31" VPOS="1197" HPOS="1168"/>
<SP HEIGHT="18" WIDTH="17" VPOS="1198" HPOS="1200"/>
<String CONTENT="Competency" HEIGHT="26" WIDTH="169" VPOS="1196" HPOS="1218"/>
</TextLine>
<TextLine HEIGHT="27" WIDTH="565" VPOS="1225" HPOS="875">
<String CONTENT="in" HEIGHT="20" WIDTH="31" VPOS="1228" HPOS="875"/>
<SP HEIGHT="20" WIDTH="18" VPOS="1227" HPOS="907"/>
<String CONTENT="teaching" HEIGHT="26" WIDTH="135" VPOS="1226" HPOS="926"/>
<SP HEIGHT="20" WIDTH="17" VPOS="1231" HPOS="1062"/>
<String CONTENT="reading" HEIGHT="24" WIDTH="118" VPOS="1226" HPOS="1080"/>
<SP HEIGHT="19" WIDTH="18" VPOS="1231" HPOS="1199"/>
<String CONTENT="and" HEIGHT="20" WIDTH="49" VPOS="1226" HPOS="1218"/>
<SP HEIGHT="20" WIDTH="19" VPOS="1226" HPOS="1268"/>
<String CONTENT="The" HEIGHT="20" WIDTH="47" VPOS="1226" HPOS="1288"/>
<SP HEIGHT="20" WIDTH="20" VPOS="1226" HPOS="1336"/>
<String CONTENT="first" HEIGHT="21" WIDTH="83" VPOS="1225" HPOS="1357"/>
</TextLine>
<TextLine HEIGHT="28" WIDTH="545" VPOS="1253" HPOS="873" CS="1">
<String CONTENT="R:" HEIGHT="19" WIDTH="27" VPOS="1258" HPOS="873"/>
<SP HEIGHT="16" WIDTH="23" VPOS="1261" HPOS="901"/>
<String CONTENT="readings" HEIGHT="26" WIDTH="134" VPOS="1255" HPOS="925"/>
<SP HEIGHT="16" WIDTH="20" VPOS="1259" HPOS="1060"/>
<String CONTENT="on" HEIGHT="15" WIDTH="31" VPOS="1259" HPOS="1081"/>
<SP HEIGHT="20" WIDTH="19" VPOS="1254" HPOS="1113"/>
<String CONTENT="teaching" HEIGHT="26" WIDTH="134" VPOS="1254" HPOS="1133"/>
<SP HEIGHT="20" WIDTH="19" VPOS="1260" HPOS="1268"/>
<String CONTENT="reading." HEIGHT="26" WIDTH="130" VPOS="1254" HPOS="1288"/>
</TextLine>
<TextLine HEIGHT="27" WIDTH="562" VPOS="1283" HPOS="873">
<String CONTENT="By" HEIGHT="24" WIDTH="33" VPOS="1286" HPOS="873"/>
<SP HEIGHT="24" WIDTH="16" VPOS="1286" HPOS="907"/>
<String CONTENT="William" HEIGHT="21" WIDTH="121" VPOS="1284" HPOS="924"/>
<SP HEIGHT="20" WIDTH="16" VPOS="1284" HPOS="1046"/>
<String CONTENT="Harp" HEIGHT="25" WIDTH="66" VPOS="1284" HPOS="1063"/>
<SP HEIGHT="25" WIDTH="18" VPOS="1284" HPOS="1130"/>
<String CONTENT="&amp;" HEIGHT="19" WIDTH="16" VPOS="1284" HPOS="1149"/>
<SP HEIGHT="21" WIDTH="16" VPOS="1284" HPOS="1166"/>
<String CONTENT="Carl" HEIGHT="21" WIDTH="67" VPOS="1284" HPOS="1183"/>
<SP HEIGHT="20" WIDTH="19" VPOS="1284" HPOS="1251"/>
<String CONTENT="J." HEIGHT="19" WIDTH="26" VPOS="1285" HPOS="1271"/>
<SP HEIGHT="19" WIDTH="22" VPOS="1285" HPOS="1298"/>
<String CONTENT="Wallen." HEIGHT="21" WIDTH="114" VPOS="1283" HPOS="1321"/>
</TextLine>
<TextLine HEIGHT="27" WIDTH="631" VPOS="1311" HPOS="873">
<String CONTENT="Chicago," HEIGHT="26" WIDTH="132" VPOS="1312" HPOS="873"/>
<SP HEIGHT="24" WIDTH="22" VPOS="1313" HPOS="1006"/>
<String CONTENT="Science" HEIGHT="21" WIDTH="117" VPOS="1312" HPOS="1029"/>
<SP HEIGHT="19" WIDTH="18" VPOS="1313" HPOS="1147"/>
<String CONTENT="Research" HEIGHT="20" WIDTH="136" VPOS="1312" HPOS="1166"/>
<SP HEIGHT="20" WIDTH="17" VPOS="1312" HPOS="1303"/>
<String CONTENT="Associates." HEIGHT="21" WIDTH="183" VPOS="1311" HPOS="1321"/>
</TextLine>
<TextLine HEIGHT="28" WIDTH="631" VPOS="1340" HPOS="874">
<String CONTENT="92" HEIGHT="24" WIDTH="33" VPOS="1343" HPOS="874"/>
<SP HEIGHT="25" WIDTH="17" VPOS="1343" HPOS="908"/>
<String CONTENT="p." HEIGHT="20" WIDTH="26" VPOS="1348" HPOS="926"/>
<SP HEIGHT="22" WIDTH="38" VPOS="1341" HPOS="953"/>
<String CONTENT="&#169;" HEIGHT="20" WIDTH="20" VPOS="1341" HPOS="992"/>
<SP HEIGHT="21" WIDTH="15" VPOS="1341" HPOS="1013"/>
<String CONTENT="Science" HEIGHT="21" WIDTH="117" VPOS="1341" HPOS="1029"/>
<SP HEIGHT="21" WIDTH="18" VPOS="1342" HPOS="1147"/>
<String CONTENT="Research" HEIGHT="21" WIDTH="137" VPOS="1342" HPOS="1166"/>
<SP HEIGHT="20" WIDTH="15" VPOS="1342" HPOS="1304"/>
<String CONTENT="Associates," HEIGHT="26" WIDTH="185" VPOS="1340" HPOS="1320"/>
</TextLine>
<TextLine HEIGHT="32" WIDTH="389" VPOS="1366" HPOS="874">
<String CONTENT="Inc.;" HEIGHT="23" WIDTH="80" VPOS="1372" HPOS="874"/>
<SP HEIGHT="24" WIDTH="22" VPOS="1371" HPOS="955"/>
<String CONTENT="28Apr72;" HEIGHT="31" WIDTH="131" VPOS="1366" HPOS="978"/>
<SP HEIGHT="23" WIDTH="20" VPOS="1371" HPOS="1110"/>
<!-- cceid B8D1EC16-6E5A-1014-8662-AF35A7EA7700 --><String CONTENT="A389480." HEIGHT="29" WIDTH="132" VPOS="1366" HPOS="1131"/>
</TextLine>
<TextLine HEIGHT="30" WIDTH="511" VPOS="1441" HPOS="802">
<String CONTENT="HARPER" HEIGHT="23" WIDTH="104" VPOS="1442" HPOS="802"/>
<SP HEIGHT="22" WIDTH="16" VPOS="1443" HPOS="907"/>
<String CONTENT="&amp;" HEIGHT="21" WIDTH="16" VPOS="1443" HPOS="924"/>
<SP HEIGHT="22" WIDTH="17" VPOS="1443" HPOS="941"/>
<String CONTENT="ROW," HEIGHT="28" WIDTH="62" VPOS="1443" HPOS="959"/>
<SP HEIGHT="27" WIDTH="22" VPOS="1443" HPOS="1022"/>
<String CONTENT="PUBLISHERS," HEIGHT="26" WIDTH="182" VPOS="1443" HPOS="1045"/>
<SP HEIGHT="26" WIDTH="23" VPOS="1443" HPOS="1228"/>
<String CONTENT="INC." HEIGHT="22" WIDTH="61" VPOS="1443" HPOS="1252"/>
</TextLine>
<TextLine HEIGHT="30" WIDTH="529" VPOS="1471" HPOS="836" CS="1">
<String CONTENT="All" HEIGHT="22" WIDTH="49" VPOS="1472" HPOS="836"/>
<SP HEIGHT="19" WIDTH="20" VPOS="1475" HPOS="886"/>
<String CONTENT="because" HEIGHT="21" WIDTH="117" VPOS="1474" HPOS="907"/>
<SP HEIGHT="15" WIDTH="18" VPOS="1479" HPOS="1025"/>
<String CONTENT="of" HEIGHT="20" WIDTH="32" VPOS="1474" HPOS="1044"/>
<SP HEIGHT="19" WIDTH="19" VPOS="1474" HPOS="1077"/>
<String CONTENT="snow." HEIGHT="15" WIDTH="78" VPOS="1479" HPOS="1097"/>
<SP HEIGHT="20" WIDTH="39" VPOS="1474" HPOS="1176"/>
<String CONTENT="See" HEIGHT="19" WIDTH="49" VPOS="1474" HPOS="1216"/>
<SP HEIGHT="20" WIDTH="18" VPOS="1475" HPOS="1266"/>
<String CONTENT="BERG," HEIGHT="25" WIDTH="80" VPOS="1475" HPOS="1285"/>
</TextLine>
<TextLine HEIGHT="22" WIDTH="201" VPOS="1502" HPOS="871">
<String CONTENT="JEAN" HEIGHT="21" WIDTH="68" VPOS="1503" HPOS="871"/>
<SP HEIGHT="20" WIDTH="17" VPOS="1504" HPOS="940"/>
<String CONTENT="HORTON." HEIGHT="21" WIDTH="114" VPOS="1503" HPOS="958"/>
</TextLine>
<TextLine HEIGHT="31" WIDTH="564" VPOS="1534" HPOS="836">
<String CONTENT="Alphabet" HEIGHT="27" WIDTH="138" VPOS="1538" HPOS="836"/>
<SP HEIGHT="21" WIDTH="16" VPOS="1538" HPOS="975"/>
<String CONTENT="book." HEIGHT="20" WIDTH="80" VPOS="1537" HPOS="992"/>
<SP HEIGHT="22" WIDTH="40" VPOS="1535" HPOS="1073"/>
<String CONTENT="See" HEIGHT="21" WIDTH="48" VPOS="1535" HPOS="1114"/>
<SP HEIGHT="20" WIDTH="18" VPOS="1536" HPOS="1163"/>
<String CONTENT="LEMLEY," HEIGHT="25" WIDTH="115" VPOS="1536" HPOS="1182"/>
<SP HEIGHT="26" WIDTH="20" VPOS="1535" HPOS="1298"/>
<String CONTENT="LOIS." HEIGHT="21" WIDTH="81" VPOS="1534" HPOS="1319"/>
</TextLine>
<TextLine HEIGHT="27" WIDTH="599" VPOS="1578" HPOS="847">
<String CONTENT="The" HEIGHT="21" WIDTH="48" VPOS="1580" HPOS="847"/>
<SP HEIGHT="14" WIDTH="19" VPOS="1585" HPOS="896"/>
<String CONTENT="art" HEIGHT="20" WIDTH="49" VPOS="1580" HPOS="916"/>
<SP HEIGHT="21" WIDTH="17" VPOS="1579" HPOS="966"/>
<String CONTENT="of" HEIGHT="20" WIDTH="33" VPOS="1579" HPOS="984"/>
<SP HEIGHT="20" WIDTH="17" VPOS="1579" HPOS="1018"/>
<String CONTENT="theory:" HEIGHT="25" WIDTH="114" VPOS="1579" HPOS="1036"/>
<SP HEIGHT="16" WIDTH="22" VPOS="1585" HPOS="1151"/>
<String CONTENT="construction" HEIGHT="20" WIDTH="204" VPOS="1580" HPOS="1174"/>
<SP HEIGHT="16" WIDTH="17" VPOS="1584" HPOS="1379"/>
<String CONTENT="and" HEIGHT="21" WIDTH="49" VPOS="1579" HPOS="1397"/>
</TextLine>
<TextLine HEIGHT="28" WIDTH="510" VPOS="1610" HPOS="881">
<String CONTENT="use." HEIGHT="15" WIDTH="62" VPOS="1615" HPOS="881"/>
<SP HEIGHT="21" WIDTH="38" VPOS="1610" HPOS="944"/>
<String CONTENT="See" HEIGHT="20" WIDTH="50" VPOS="1610" HPOS="983"/>
<SP HEIGHT="20" WIDTH="16" VPOS="1610" HPOS="1034"/>
<String CONTENT="MULLINS," HEIGHT="27" WIDTH="134" VPOS="1610" HPOS="1051"/>
<SP HEIGHT="26" WIDTH="20" VPOS="1611" HPOS="1186"/>
<String CONTENT="NICHOLAS" HEIGHT="20" WIDTH="135" VPOS="1611" HPOS="1207"/>
<SP HEIGHT="20" WIDTH="19" VPOS="1611" HPOS="1343"/>
<String CONTENT="C." HEIGHT="20" WIDTH="28" VPOS="1611" HPOS="1363"/>
</TextLine>
<TextLine HEIGHT="30" WIDTH="600" VPOS="1644" HPOS="839">
<String CONTENT="Aspiration" HEIGHT="25" WIDTH="169" VPOS="1645" HPOS="839"/>
<SP HEIGHT="15" WIDTH="18" VPOS="1650" HPOS="1009"/>
<String CONTENT="and" HEIGHT="19" WIDTH="47" VPOS="1646" HPOS="1028"/>
<SP HEIGHT="20" WIDTH="22" VPOS="1646" HPOS="1076"/>
<String CONTENT="injection" HEIGHT="24" WIDTH="150" VPOS="1646" HPOS="1099"/>
<SP HEIGHT="19" WIDTH="19" VPOS="1648" HPOS="1250"/>
<String CONTENT="therapy" HEIGHT="25" WIDTH="119" VPOS="1648" HPOS="1270"/>
<SP HEIGHT="25" WIDTH="17" VPOS="1648" HPOS="1390"/>
<String CONTENT="in" HEIGHT="20" WIDTH="31" VPOS="1647" HPOS="1408"/>
</TextLine>
<TextLine HEIGHT="24" WIDTH="494" VPOS="1673" HPOS="874">
<String CONTENT="arthritis" HEIGHT="22" WIDTH="150" VPOS="1673" HPOS="874"/>
<SP HEIGHT="15" WIDTH="19" VPOS="1679" HPOS="1025"/>
<String CONTENT="and" HEIGHT="19" WIDTH="47" VPOS="1675" HPOS="1045"/>
<SP HEIGHT="19" WIDTH="18" VPOS="1675" HPOS="1093"/>
<String CONTENT="musculoskeletal" HEIGHT="20" WIDTH="256" VPOS="1676" HPOS="1112"/>
</TextLine>
<TextLine HEIGHT="31" WIDTH="595" VPOS="1702" HPOS="874">
<String CONTENT="disorders." HEIGHT="21" WIDTH="164" VPOS="1703" HPOS="874"/>
<SP HEIGHT="19" WIDTH="40" VPOS="1705" HPOS="1039"/>
<String CONTENT="See" HEIGHT="19" WIDTH="48" VPOS="1705" HPOS="1080"/>
<SP HEIGHT="19" WIDTH="19" VPOS="1705" HPOS="1129"/>
<String CONTENT="STEINBROCKER," HEIGHT="27" WIDTH="219" VPOS="1705" HPOS="1149"/>
<SP HEIGHT="25" WIDTH="20" VPOS="1707" HPOS="1369"/>
<String CONTENT="OTTO." HEIGHT="21" WIDTH="79" VPOS="1706" HPOS="1390"/>
</TextLine>
<TextLine HEIGHT="30" WIDTH="527" VPOS="1734" HPOS="851" CS="1">
<String CONTENT="Atlas" HEIGHT="23" WIDTH="82" VPOS="1735" HPOS="851"/>
<SP HEIGHT="15" WIDTH="21" VPOS="1742" HPOS="934"/>
<String CONTENT="of" HEIGHT="21" WIDTH="30" VPOS="1736" HPOS="956"/>
<SP HEIGHT="20" WIDTH="18" VPOS="1736" HPOS="987"/>
<String CONTENT="descriptive" HEIGHT="25" WIDTH="187" VPOS="1736" HPOS="1006"/>
<SP HEIGHT="20" WIDTH="17" VPOS="1738" HPOS="1194"/>
<String CONTENT="histology." HEIGHT="27" WIDTH="166" VPOS="1736" HPOS="1212"/>
</TextLine>
<TextLine HEIGHT="27" WIDTH="338" VPOS="1766" HPOS="886">
<String CONTENT="See" HEIGHT="20" WIDTH="48" VPOS="1767" HPOS="886"/>
<SP HEIGHT="20" WIDTH="19" VPOS="1767" HPOS="935"/>
<String CONTENT="REITH," HEIGHT="27" WIDTH="96" VPOS="1766" HPOS="955"/>
<SP HEIGHT="25" WIDTH="22" VPOS="1767" HPOS="1052"/>
<String CONTENT="EDWARD" HEIGHT="21" WIDTH="101" VPOS="1766" HPOS="1075"/>
<SP HEIGHT="21" WIDTH="17" VPOS="1766" HPOS="1177"/>
<String CONTENT="J." HEIGHT="21" WIDTH="29" VPOS="1766" HPOS="1195"/>
</TextLine>
<TextLine HEIGHT="58" WIDTH="596" VPOS="1803" HPOS="849" CS="1">
<String CONTENT="Bancroft's" HEIGHT="21" WIDTH="168" VPOS="1804" HPOS="849"/>
<SP HEIGHT="20" WIDTH="20" VPOS="1804" HPOS="1018"/>
<String CONTENT="Introduction" HEIGHT="22" WIDTH="205" VPOS="1804" HPOS="1039"/>
<SP HEIGHT="19" WIDTH="17" VPOS="1806" HPOS="1245"/>
<String CONTENT="to" HEIGHT="20" WIDTH="31" VPOS="1806" HPOS="1263"/>
<SP HEIGHT="20" WIDTH="18" VPOS="1806" HPOS="1295"/>
<String CONTENT="biostatistics." HEIGHT="49" WIDTH="478" VPOS="1806" HPOS="885"/>
<SP HEIGHT="21" WIDTH="39" VPOS="1833" HPOS="1067"/>
<String CONTENT="See" HEIGHT="21" WIDTH="48" VPOS="1833" HPOS="1107"/>
<SP HEIGHT="20" WIDTH="19" VPOS="1834" HPOS="1156"/>
<String CONTENT="IPSEN," HEIGHT="26" WIDTH="97" VPOS="1834" HPOS="1176"/>
<SP HEIGHT="25" WIDTH="22" VPOS="1835" HPOS="1274"/>
<String CONTENT="JOHANNES." HEIGHT="21" WIDTH="148" VPOS="1834" HPOS="1297"/>
</TextLine>
<TextLine HEIGHT="28" WIDTH="550" VPOS="1868" HPOS="842">
<String CONTENT="The" HEIGHT="21" WIDTH="49" VPOS="1869" HPOS="842"/>
<SP HEIGHT="19" WIDTH="19" VPOS="1871" HPOS="892"/>
<String CONTENT="big" HEIGHT="24" WIDTH="50" VPOS="1871" HPOS="912"/>
<SP HEIGHT="21" WIDTH="18" VPOS="1874" HPOS="963"/>
<String CONTENT="problem." HEIGHT="25" WIDTH="130" VPOS="1869" HPOS="982"/>
<SP HEIGHT="22" WIDTH="38" VPOS="1868" HPOS="1113"/>
<String CONTENT="See" HEIGHT="22" WIDTH="49" VPOS="1868" HPOS="1152"/>
<SP HEIGHT="20" WIDTH="19" VPOS="1871" HPOS="1202"/>
<String CONTENT="BERG," HEIGHT="25" WIDTH="80" VPOS="1870" HPOS="1222"/>
<SP HEIGHT="25" WIDTH="20" VPOS="1870" HPOS="1303"/>
<String CONTENT="JEAN" HEIGHT="21" WIDTH="68" VPOS="1870" HPOS="1324"/>
</TextLine>
<TextLine HEIGHT="22" WIDTH="115" VPOS="1897" HPOS="876">
<String CONTENT="HORTON." HEIGHT="22" WIDTH="115" VPOS="1897" HPOS="876"/>
</TextLine>
<TextLine HEIGHT="27" WIDTH="614" VPOS="1936" HPOS="842">
<String CONTENT="Buying" HEIGHT="24" WIDTH="102" VPOS="1939" HPOS="842"/>
<SP HEIGHT="20" WIDTH="18" VPOS="1943" HPOS="945"/>
<String CONTENT="country" HEIGHT="25" WIDTH="116" VPOS="1938" HPOS="964"/>
<SP HEIGHT="20" WIDTH="16" VPOS="1942" HPOS="1081"/>
<String CONTENT="property." HEIGHT="25" WIDTH="150" VPOS="1937" HPOS="1098"/>
<SP HEIGHT="20" WIDTH="40" VPOS="1937" HPOS="1249"/>
<String CONTENT="See" HEIGHT="20" WIDTH="48" VPOS="1937" HPOS="1290"/>
<SP HEIGHT="20" WIDTH="19" VPOS="1937" HPOS="1339"/>
<String CONTENT="PRICE," HEIGHT="26" WIDTH="97" VPOS="1936" HPOS="1359"/>
</TextLine>
<TextLine HEIGHT="21" WIDTH="112" VPOS="1968" HPOS="878">
<String CONTENT="IRVING." HEIGHT="21" WIDTH="112" VPOS="1968" HPOS="878"/>
</TextLine>
<TextLine HEIGHT="28" WIDTH="545" VPOS="2004" HPOS="840" CS="1">
<String CONTENT="The" HEIGHT="22" WIDTH="48" VPOS="2006" HPOS="840"/>
<SP HEIGHT="15" WIDTH="20" VPOS="2012" HPOS="889"/>
<String CONTENT="cap" HEIGHT="20" WIDTH="48" VPOS="2012" HPOS="910"/>
<SP HEIGHT="21" WIDTH="18" VPOS="2011" HPOS="959"/>
<String CONTENT="and" HEIGHT="20" WIDTH="48" VPOS="2006" HPOS="978"/>
<SP HEIGHT="20" WIDTH="19" VPOS="2006" HPOS="1027"/>
<String CONTENT="the" HEIGHT="20" WIDTH="48" VPOS="2006" HPOS="1047"/>
<SP HEIGHT="19" WIDTH="18" VPOS="2006" HPOS="1096"/>
<String CONTENT="lamb." HEIGHT="20" WIDTH="80" VPOS="2006" HPOS="1115"/>
<SP HEIGHT="21" WIDTH="40" VPOS="2005" HPOS="1196"/>
<String CONTENT="See" HEIGHT="20" WIDTH="47" VPOS="2005" HPOS="1237"/>
<SP HEIGHT="20" WIDTH="18" VPOS="2005" HPOS="1285"/>
<String CONTENT="BERG," HEIGHT="26" WIDTH="81" VPOS="2004" HPOS="1304"/>
</TextLine>
<TextLine HEIGHT="23" WIDTH="199" VPOS="2034" HPOS="875">
<String CONTENT="JEAN" HEIGHT="22" WIDTH="68" VPOS="2035" HPOS="875"/>
<SP HEIGHT="21" WIDTH="16" VPOS="2036" HPOS="944"/>
<String CONTENT="HORTON." HEIGHT="22" WIDTH="113" VPOS="2035" HPOS="961"/>
</TextLine>
<TextLine HEIGHT="26" WIDTH="548" VPOS="2073" HPOS="846">
<String CONTENT="The" HEIGHT="21" WIDTH="49" VPOS="2074" HPOS="846"/>
<SP HEIGHT="15" WIDTH="20" VPOS="2080" HPOS="896"/>
<String CONTENT="cheeses" HEIGHT="20" WIDTH="115" VPOS="2075" HPOS="917"/>
<SP HEIGHT="15" WIDTH="18" VPOS="2079" HPOS="1033"/>
<String CONTENT="and" HEIGHT="20" WIDTH="49" VPOS="2074" HPOS="1052"/>
<SP HEIGHT="20" WIDTH="17" VPOS="2074" HPOS="1102"/>
<String CONTENT="wines" HEIGHT="20" WIDTH="84" VPOS="2074" HPOS="1120"/>
<SP HEIGHT="14" WIDTH="20" VPOS="2079" HPOS="1205"/>
<String CONTENT="of" HEIGHT="20" WIDTH="32" VPOS="2074" HPOS="1226"/>
<SP HEIGHT="21" WIDTH="17" VPOS="2073" HPOS="1259"/>
<String CONTENT="England" HEIGHT="25" WIDTH="117" VPOS="2073" HPOS="1277"/>
</TextLine>
<TextLine HEIGHT="27" WIDTH="474" VPOS="2102" HPOS="882">
<String CONTENT="and" HEIGHT="20" WIDTH="48" VPOS="2104" HPOS="882"/>
<SP HEIGHT="20" WIDTH="17" VPOS="2104" HPOS="931"/>
<String CONTENT="France." HEIGHT="22" WIDTH="114" VPOS="2103" HPOS="949"/>
<SP HEIGHT="22" WIDTH="40" VPOS="2102" HPOS="1064"/>
<String CONTENT="See" HEIGHT="21" WIDTH="48" VPOS="2102" HPOS="1105"/>
<SP HEIGHT="18" WIDTH="17" VPOS="2104" HPOS="1154"/>
<String CONTENT="EHLE," HEIGHT="26" WIDTH="81" VPOS="2102" HPOS="1172"/>
<SP HEIGHT="25" WIDTH="20" VPOS="2103" HPOS="1254"/>
<String CONTENT="JOHN." HEIGHT="20" WIDTH="81" VPOS="2103" HPOS="1275"/>
</TextLine>
<TextLine HEIGHT="34" WIDTH="598" VPOS="2132" HPOS="839">
<String CONTENT="Clinical" HEIGHT="23" WIDTH="135" VPOS="2134" HPOS="839"/>
<SP HEIGHT="21" WIDTH="18" VPOS="2137" HPOS="975"/>
<String CONTENT="immunology." HEIGHT="28" WIDTH="184" VPOS="2137" HPOS="994"/>
<SP HEIGHT="21" WIDTH="38" VPOS="2140" HPOS="1179"/>
<String CONTENT="See" HEIGHT="21" WIDTH="48" VPOS="2140" HPOS="1218"/>
<SP HEIGHT="21" WIDTH="19" VPOS="2141" HPOS="1267"/>
<String CONTENT="FREEDMAN," HEIGHT="25" WIDTH="150" VPOS="2140" HPOS="1287"/>
</TextLine>
<TextLine HEIGHT="25" WIDTH="147" VPOS="2162" HPOS="875" CS="1">
<String CONTENT="SAMUEL" HEIGHT="25" WIDTH="102" VPOS="2162" HPOS="875"/>
<SP HEIGHT="21" WIDTH="14" VPOS="2165" HPOS="978"/>
<String CS="1" CONTENT="O." HEIGHT="5" WIDTH="6" VPOS="2181" HPOS="1016"/>
</TextLine>
<TextLine HEIGHT="30" WIDTH="577" VPOS="2196" HPOS="836" CS="1">
<String CONTENT="The" HEIGHT="21" WIDTH="49" VPOS="2198" HPOS="836"/>
<SP HEIGHT="20" WIDTH="18" VPOS="2200" HPOS="886"/>
<String CONTENT="Columbia" HEIGHT="21" WIDTH="135" VPOS="2199" HPOS="905"/>
<SP HEIGHT="19" WIDTH="17" VPOS="2199" HPOS="1041"/>
<String CONTENT="history" HEIGHT="26" WIDTH="119" VPOS="2199" HPOS="1059"/>
<SP HEIGHT="21" WIDTH="17" VPOS="2204" HPOS="1179"/>
<String CONTENT="of" HEIGHT="21" WIDTH="33" VPOS="2199" HPOS="1197"/>
<SP HEIGHT="21" WIDTH="18" VPOS="2199" HPOS="1231"/>
<String CONTENT="the" HEIGHT="21" WIDTH="47" VPOS="2199" HPOS="1250"/>
<SP HEIGHT="15" WIDTH="17" VPOS="2205" HPOS="1298"/>
<String CONTENT="world." HEIGHT="21" WIDTH="97" VPOS="2199" HPOS="1316"/>
</TextLine>
<TextLine HEIGHT="28" WIDTH="337" VPOS="2226" HPOS="871">
<String CONTENT="See" HEIGHT="21" WIDTH="48" VPOS="2227" HPOS="871"/>
<SP HEIGHT="21" WIDTH="18" VPOS="2228" HPOS="920"/>
<String CONTENT="GARRATY," HEIGHT="28" WIDTH="131" VPOS="2226" HPOS="939"/>
<SP HEIGHT="25" WIDTH="21" VPOS="2228" HPOS="1071"/>
<String CONTENT="JOHN" HEIGHT="20" WIDTH="70" VPOS="2228" HPOS="1093"/>
<SP HEIGHT="21" WIDTH="13" VPOS="2227" HPOS="1164"/>
<String CONTENT="A." HEIGHT="22" WIDTH="30" VPOS="2227" HPOS="1178"/>
</TextLine>
<TextLine HEIGHT="31" WIDTH="595" VPOS="2257" HPOS="852" CS="1">
<String CONTENT="Common" HEIGHT="21" WIDTH="101" VPOS="2259" HPOS="852"/>
<SP HEIGHT="20" WIDTH="16" VPOS="2265" HPOS="954"/>
<String CONTENT="problems" HEIGHT="26" WIDTH="134" VPOS="2259" HPOS="971"/>
<SP HEIGHT="20" WIDTH="19" VPOS="2260" HPOS="1106"/>
<String CONTENT="in" HEIGHT="20" WIDTH="32" VPOS="2260" HPOS="1126"/>
<SP HEIGHT="16" WIDTH="20" VPOS="2264" HPOS="1159"/>
<String CONTENT="office" HEIGHT="21" WIDTH="99" VPOS="2260" HPOS="1180"/>
<SP HEIGHT="21" WIDTH="17" VPOS="2266" HPOS="1280"/>
<String CONTENT="practice." HEIGHT="26" WIDTH="149" VPOS="2261" HPOS="1298"/>
</TextLine>
<TextLine HEIGHT="27" WIDTH="354" VPOS="2287" HPOS="887">
<String CONTENT="See" HEIGHT="20" WIDTH="49" VPOS="2288" HPOS="887"/>
<SP HEIGHT="20" WIDTH="19" VPOS="2288" HPOS="936"/>
<String CONTENT="TAYLOR," HEIGHT="27" WIDTH="115" VPOS="2287" HPOS="955"/>
<SP HEIGHT="25" WIDTH="21" VPOS="2288" HPOS="1070"/>
<String CONTENT="ROBERT" HEIGHT="21" WIDTH="104" VPOS="2288" HPOS="1091"/>
<SP HEIGHT="20" WIDTH="18" VPOS="2289" HPOS="1195"/>
<String CONTENT="B." HEIGHT="20" WIDTH="28" VPOS="2289" HPOS="1213"/>
</TextLine>
<TextLine HEIGHT="57" WIDTH="615" VPOS="2324" HPOS="838" CS="1">
<String CONTENT="Computer" HEIGHT="25" WIDTH="136" VPOS="2327" HPOS="838"/>
<SP HEIGHT="16" WIDTH="15" VPOS="2331" HPOS="975"/>
<String CONTENT="models" HEIGHT="20" WIDTH="100" VPOS="2326" HPOS="991"/>
<SP HEIGHT="19" WIDTH="20" VPOS="2326" HPOS="1092"/>
<String CONTENT="in" HEIGHT="19" WIDTH="32" VPOS="2326" HPOS="1113"/>
<SP HEIGHT="15" WIDTH="18" VPOS="2330" HPOS="1146"/>
<String CONTENT="operations" HEIGHT="25" WIDTH="168" VPOS="2325" HPOS="1165"/>
<SP HEIGHT="15" WIDTH="17" VPOS="2330" HPOS="1334"/>
<String CONTENT="management:" HEIGHT="48" WIDTH="581" VPOS="2328" HPOS="872"/>
<SP HEIGHT="15" WIDTH="22" VPOS="2361" HPOS="952"/>
<String CONTENT="a" HEIGHT="15" WIDTH="15" VPOS="2360" HPOS="975"/>
<SP HEIGHT="15" WIDTH="18" VPOS="2359" HPOS="991"/>
<String CONTENT="computer-augmented" HEIGHT="26" WIDTH="307" VPOS="2354" HPOS="1010"/>
<SP HEIGHT="19" WIDTH="18" VPOS="2355" HPOS="1318"/>
<String CONTENT="system." HEIGHT="26" WIDTH="112" VPOS="2353" HPOS="1337"/>
</TextLine>
<TextLine HEIGHT="26" WIDTH="370" VPOS="2384" HPOS="873">
<String CONTENT="See" HEIGHT="20" WIDTH="48" VPOS="2385" HPOS="873"/>
<SP HEIGHT="19" WIDTH="18" VPOS="2386" HPOS="922"/>
<String CONTENT="HARRIS," HEIGHT="26" WIDTH="114" VPOS="2384" HPOS="941"/>
<SP HEIGHT="25" WIDTH="20" VPOS="2384" HPOS="1056"/>
<String CONTENT="ROY" HEIGHT="19" WIDTH="52" VPOS="2384" HPOS="1077"/>
<SP HEIGHT="19" WIDTH="15" VPOS="2384" HPOS="1130"/>
<String CONTENT="DUANE." HEIGHT="20" WIDTH="97" VPOS="2384" HPOS="1146"/>
</TextLine>
<TextLine HEIGHT="27" WIDTH="595" VPOS="2424" HPOS="842">
<String CONTENT="Consider" HEIGHT="20" WIDTH="133" VPOS="2426" HPOS="842"/>
<SP HEIGHT="21" WIDTH="19" VPOS="2430" HPOS="976"/>
<String CONTENT="your" HEIGHT="20" WIDTH="66" VPOS="2430" HPOS="996"/>
<SP HEIGHT="15" WIDTH="16" VPOS="2429" HPOS="1063"/>
<String CONTENT="words." HEIGHT="21" WIDTH="98" VPOS="2425" HPOS="1080"/>
<SP HEIGHT="20" WIDTH="40" VPOS="2426" HPOS="1179"/>
<String CONTENT="See" HEIGHT="18" WIDTH="48" VPOS="2426" HPOS="1220"/>
<SP HEIGHT="20" WIDTH="18" VPOS="2425" HPOS="1269"/>
<String CONTENT="JENNINGS," HEIGHT="26" WIDTH="149" VPOS="2424" HPOS="1288"/>
</TextLine>
<TextLine HEIGHT="23" WIDTH="164" VPOS="2453" HPOS="877">
<String CONTENT="CHARLES" HEIGHT="22" WIDTH="116" VPOS="2453" HPOS="877"/>
<SP HEIGHT="19" WIDTH="19" VPOS="2454" HPOS="994"/>
<String CONTENT="B." HEIGHT="21" WIDTH="27" VPOS="2454" HPOS="1014"/>
</TextLine>
<TextLine HEIGHT="30" WIDTH="598" VPOS="2483" HPOS="851">
<String CONTENT="Constitution" HEIGHT="22" WIDTH="204" VPOS="2487" HPOS="851"/>
<SP HEIGHT="15" WIDTH="16" VPOS="2492" HPOS="1056"/>
<String CONTENT="of" HEIGHT="20" WIDTH="33" VPOS="2487" HPOS="1073"/>
<SP HEIGHT="20" WIDTH="18" VPOS="2487" HPOS="1107"/>
<String CONTENT="Illinois/1970." HEIGHT="28" WIDTH="234" VPOS="2484" HPOS="1126"/>
<SP HEIGHT="19" WIDTH="40" VPOS="2488" HPOS="1361"/>
<String CONTENT="See" HEIGHT="20" WIDTH="47" VPOS="2487" HPOS="1402"/>
</TextLine>
<TextLine HEIGHT="26" WIDTH="372" VPOS="2517" HPOS="884">
<String CONTENT="POSEY," HEIGHT="26" WIDTH="98" VPOS="2517" HPOS="884"/>
<SP HEIGHT="25" WIDTH="20" VPOS="2517" HPOS="983"/>
<String CONTENT="ROLLIN" HEIGHT="20" WIDTH="103" VPOS="2517" HPOS="1004"/>
<SP HEIGHT="20" WIDTH="17" VPOS="2517" HPOS="1108"/>
<String CONTENT="BENNETT." HEIGHT="21" WIDTH="130" VPOS="2517" HPOS="1126"/>
</TextLine>
<TextLine HEIGHT="57" WIDTH="599" VPOS="2556" HPOS="856" CS="1">
<String CONTENT="A" HEIGHT="20" WIDTH="13" VPOS="2559" HPOS="856"/>
<SP HEIGHT="20" WIDTH="20" VPOS="2559" HPOS="870"/>
<String CONTENT="correlative" HEIGHT="21" WIDTH="184" VPOS="2558" HPOS="891"/>
<SP HEIGHT="15" WIDTH="20" VPOS="2562" HPOS="1076"/>
<String CONTENT="study" HEIGHT="24" WIDTH="83" VPOS="2558" HPOS="1097"/>
<SP HEIGHT="20" WIDTH="17" VPOS="2562" HPOS="1181"/>
<String CONTENT="guide" HEIGHT="25" WIDTH="83" VPOS="2557" HPOS="1199"/>
<SP HEIGHT="19" WIDTH="19" VPOS="2558" HPOS="1283"/>
<String CONTENT="for" HEIGHT="19" WIDTH="49" VPOS="2558" HPOS="1303"/>
<SP HEIGHT="15" WIDTH="17" VPOS="2562" HPOS="1353"/>
<String CONTENT="neuroanatomy." HEIGHT="53" WIDTH="564" VPOS="2560" HPOS="891"/>
<SP HEIGHT="20" WIDTH="40" VPOS="2587" HPOS="1021"/>
<String CONTENT="See" HEIGHT="19" WIDTH="48" VPOS="2587" HPOS="1062"/>
<SP HEIGHT="19" WIDTH="18" VPOS="2587" HPOS="1111"/>
<String CONTENT="HALL," HEIGHT="25" WIDTH="82" VPOS="2587" HPOS="1130"/>
<SP HEIGHT="25" WIDTH="20" VPOS="2587" HPOS="1213"/>
<String CONTENT="JAMES" HEIGHT="20" WIDTH="83" VPOS="2587" HPOS="1234"/>
<SP HEIGHT="19" WIDTH="18" VPOS="2587" HPOS="1318"/>
<String CONTENT="L." HEIGHT="19" WIDTH="28" VPOS="2587" HPOS="1337"/>
</TextLine>
<TextLine HEIGHT="25" WIDTH="479" VPOS="2621" HPOS="842">
<String CONTENT="The" HEIGHT="22" WIDTH="48" VPOS="2624" HPOS="842"/>
<SP HEIGHT="15" WIDTH="20" VPOS="2631" HPOS="891"/>
<String CONTENT="cuisines" HEIGHT="22" WIDTH="133" VPOS="2624" HPOS="912"/>
<SP HEIGHT="15" WIDTH="19" VPOS="2629" HPOS="1046"/>
<String CONTENT="of" HEIGHT="21" WIDTH="31" VPOS="2623" HPOS="1066"/>
<SP HEIGHT="20" WIDTH="17" VPOS="2623" HPOS="1098"/>
<String CONTENT="Mexico." HEIGHT="21" WIDTH="116" VPOS="2623" HPOS="1116"/>
<SP HEIGHT="22" WIDTH="39" VPOS="2621" HPOS="1233"/>
<String CONTENT="See" HEIGHT="21" WIDTH="48" VPOS="2621" HPOS="1273"/>
</TextLine>
<TextLine HEIGHT="27" WIDTH="252" VPOS="2652" HPOS="877">
<String CONTENT="KENNEDY," HEIGHT="26" WIDTH="131" VPOS="2653" HPOS="877"/>
<SP HEIGHT="25" WIDTH="21" VPOS="2653" HPOS="1009"/>
<String CONTENT="DIANA." HEIGHT="21" WIDTH="98" VPOS="2652" HPOS="1031"/>
</TextLine>
<TextLine HEIGHT="27" WIDTH="616" VPOS="2690" HPOS="851">
<String CONTENT="Design," HEIGHT="24" WIDTH="115" VPOS="2692" HPOS="851"/>
<SP HEIGHT="19" WIDTH="20" VPOS="2697" HPOS="967"/>
<String CONTENT="nature," HEIGHT="24" WIDTH="114" VPOS="2692" HPOS="988"/>
<SP HEIGHT="19" WIDTH="22" VPOS="2697" HPOS="1103"/>
<String CONTENT="and" HEIGHT="20" WIDTH="49" VPOS="2693" HPOS="1126"/>
<SP HEIGHT="20" WIDTH="19" VPOS="2693" HPOS="1176"/>
<String CONTENT="revolution." HEIGHT="19" WIDTH="181" VPOS="2694" HPOS="1196"/>
<SP HEIGHT="20" WIDTH="39" VPOS="2694" HPOS="1378"/>
<String CONTENT="See" HEIGHT="19" WIDTH="49" VPOS="2694" HPOS="1418"/>
</TextLine>
<TextLine HEIGHT="28" WIDTH="287" VPOS="2720" HPOS="885">
<String CONTENT="MALDONADO," HEIGHT="28" WIDTH="167" VPOS="2720" HPOS="885"/>
<SP HEIGHT="25" WIDTH="23" VPOS="2722" HPOS="1052"/>
<String CONTENT="TOMAS." HEIGHT="22" WIDTH="97" VPOS="2721" HPOS="1075"/>
</TextLine>
<TextLine HEIGHT="28" WIDTH="600" VPOS="2755" HPOS="853">
<String CONTENT="Discussion" HEIGHT="22" WIDTH="169" VPOS="2757" HPOS="853"/>
<SP HEIGHT="20" WIDTH="18" VPOS="2762" HPOS="1023"/>
<String CONTENT="guide" HEIGHT="25" WIDTH="82" VPOS="2757" HPOS="1042"/>
<SP HEIGHT="19" WIDTH="19" VPOS="2758" HPOS="1125"/>
<String CONTENT="for" HEIGHT="19" WIDTH="49" VPOS="2758" HPOS="1145"/>
<SP HEIGHT="19" WIDTH="19" VPOS="2758" HPOS="1195"/>
<String CONTENT="instructors" HEIGHT="19" WIDTH="184" VPOS="2758" HPOS="1215"/>
<SP HEIGHT="21" WIDTH="20" VPOS="2755" HPOS="1400"/>
<String CONTENT="to" HEIGHT="20" WIDTH="32" VPOS="2755" HPOS="1421"/>
</TextLine>
<TextLine HEIGHT="26" WIDTH="509" VPOS="2786" HPOS="888" CS="1">
<String CONTENT="accompany" HEIGHT="22" WIDTH="151" VPOS="2790" HPOS="888"/>
<SP HEIGHT="24" WIDTH="18" VPOS="2786" HPOS="1040"/>
<String CONTENT="Economics:" HEIGHT="20" WIDTH="167" VPOS="2786" HPOS="1059"/>
<SP HEIGHT="16" WIDTH="20" VPOS="2790" HPOS="1227"/>
<String CONTENT="a" HEIGHT="14" WIDTH="15" VPOS="2790" HPOS="1248"/>
<SP HEIGHT="15" WIDTH="18" VPOS="2790" HPOS="1264"/>
<String CONTENT="reader." HEIGHT="20" WIDTH="114" VPOS="2786" HPOS="1283"/>
</TextLine>
<TextLine HEIGHT="27" WIDTH="391" VPOS="2815" HPOS="887">
<String CONTENT="See" HEIGHT="21" WIDTH="49" VPOS="2816" HPOS="887"/>
<SP HEIGHT="19" WIDTH="19" VPOS="2818" HPOS="937"/>
<String CONTENT="ELZINGA," HEIGHT="26" WIDTH="131" VPOS="2816" HPOS="957"/>
<SP HEIGHT="25" WIDTH="20" VPOS="2816" HPOS="1089"/>
<String CONTENT="KENNETH" HEIGHT="21" WIDTH="120" VPOS="2816" HPOS="1110"/>
<SP HEIGHT="21" WIDTH="17" VPOS="2815" HPOS="1231"/>
<String CONTENT="G." HEIGHT="22" WIDTH="29" VPOS="2815" HPOS="1249"/>
</TextLine>
<TextLine HEIGHT="27" WIDTH="580" VPOS="2846" HPOS="838">
<String CONTENT="Economics:" HEIGHT="22" WIDTH="165" VPOS="2851" HPOS="838"/>
<SP HEIGHT="15" WIDTH="23" VPOS="2855" HPOS="1004"/>
<String CONTENT="a" HEIGHT="15" WIDTH="15" VPOS="2855" HPOS="1028"/>
<SP HEIGHT="15" WIDTH="19" VPOS="2855" HPOS="1044"/>
<String CONTENT="reader." HEIGHT="20" WIDTH="112" VPOS="2850" HPOS="1064"/>
<SP HEIGHT="21" WIDTH="39" VPOS="2849" HPOS="1177"/>
<String CONTENT="See" HEIGHT="20" WIDTH="48" VPOS="2849" HPOS="1217"/>
<SP HEIGHT="19" WIDTH="18" VPOS="2849" HPOS="1266"/>
<String CONTENT="ELZINGA," HEIGHT="26" WIDTH="133" VPOS="2846" HPOS="1285"/>
</TextLine>
<TextLine HEIGHT="26" WIDTH="251" VPOS="2879" HPOS="874">
<String CONTENT="KENNETH" HEIGHT="21" WIDTH="119" VPOS="2880" HPOS="874"/>
<SP HEIGHT="19" WIDTH="14" VPOS="2880" HPOS="994"/>
<String CONTENT="G.," HEIGHT="24" WIDTH="48" VPOS="2880" HPOS="1009"/>
<SP HEIGHT="21" WIDTH="22" VPOS="2883" HPOS="1058"/>
<String CONTENT="ed." HEIGHT="20" WIDTH="44" VPOS="2879" HPOS="1081"/>
</TextLine>
</TextBlock>
</ComposedBlock>
<TextBlock ID="Page2893_Block5" HEIGHT="854" WIDTH="677" VPOS="245" HPOS="1548" LANG="en-US" CS="1" STYLEREFS="StyleId-79E9300B-4F40-40BB-B223-7B5C77328C4C-">
<Shape>
<Polygon POINTS="1837,245 2223,245 2223,572 2224,572 2224,1004 2225,1004 2225,1097 2224,1097 2224,1098 1840,1098 1840,1099 1550,1099 1550,1007 1549,1007 1549,576 1548,576 1548,246 1837,246 1837,245"/>
</Shape>
<TextLine HEIGHT="35" WIDTH="595" VPOS="255" HPOS="1605">
<String CONTENT="El/ella:" HEIGHT="29" WIDTH="129" VPOS="256" HPOS="1605"/>
<SP HEIGHT="16" WIDTH="21" VPOS="266" HPOS="1735"/>
<String CONTENT="a" HEIGHT="15" WIDTH="15" VPOS="266" HPOS="1757"/>
<SP HEIGHT="20" WIDTH="17" VPOS="262" HPOS="1773"/>
<String CONTENT="book" HEIGHT="22" WIDTH="67" VPOS="261" HPOS="1791"/>
<SP HEIGHT="22" WIDTH="18" VPOS="261" HPOS="1859"/>
<String CONTENT="of" HEIGHT="20" WIDTH="33" VPOS="263" HPOS="1878"/>
<SP HEIGHT="20" WIDTH="14" VPOS="263" HPOS="1912"/>
<String CONTENT="magic" HEIGHT="25" WIDTH="84" VPOS="264" HPOS="1927"/>
<SP HEIGHT="20" WIDTH="19" VPOS="265" HPOS="2012"/>
<String CONTENT="love." HEIGHT="22" WIDTH="79" VPOS="265" HPOS="2032"/>
<SP HEIGHT="21" WIDTH="38" VPOS="268" HPOS="2112"/>
<String CONTENT="See" HEIGHT="21" WIDTH="49" VPOS="268" HPOS="2151"/>
</TextLine>
<TextLine HEIGHT="31" WIDTH="270" VPOS="286" HPOS="1635">
<String CONTENT="SERRANO," HEIGHT="30" WIDTH="133" VPOS="287" HPOS="1635"/>
<SP HEIGHT="25" WIDTH="20" VPOS="292" HPOS="1769"/>
<String CONTENT="MIGUEL." HEIGHT="24" WIDTH="115" VPOS="291" HPOS="1790"/>
</TextLine>
<TextLine HEIGHT="31" WIDTH="615" VPOS="325" HPOS="1595">
<String CONTENT="Evolution:" HEIGHT="24" WIDTH="165" VPOS="326" HPOS="1595"/>
<SP HEIGHT="20" WIDTH="23" VPOS="330" HPOS="1761"/>
<String CONTENT="the" HEIGHT="20" WIDTH="48" VPOS="330" HPOS="1785"/>
<SP HEIGHT="20" WIDTH="19" VPOS="330" HPOS="1834"/>
<String CONTENT="theory" HEIGHT="25" WIDTH="101" VPOS="330" HPOS="1854"/>
<SP HEIGHT="20" WIDTH="17" VPOS="335" HPOS="1956"/>
<String CONTENT="of" HEIGHT="20" WIDTH="32" VPOS="331" HPOS="1974"/>
<SP HEIGHT="20" WIDTH="17" VPOS="331" HPOS="2007"/>
<String CONTENT="Teilhard" HEIGHT="22" WIDTH="134" VPOS="331" HPOS="2025"/>
<SP HEIGHT="20" WIDTH="20" VPOS="333" HPOS="2160"/>
<String CONTENT="de" HEIGHT="19" WIDTH="29" VPOS="334" HPOS="2181"/>
</TextLine>
<TextLine HEIGHT="34" WIDTH="561" VPOS="353" HPOS="1629">
<String CONTENT="Chardin." HEIGHT="24" WIDTH="131" VPOS="354" HPOS="1629"/>
<SP HEIGHT="20" WIDTH="39" VPOS="358" HPOS="1761"/>
<String CONTENT="See" HEIGHT="21" WIDTH="49" VPOS="357" HPOS="1801"/>
<SP HEIGHT="20" WIDTH="18" VPOS="358" HPOS="1851"/>
<String CONTENT="DELFGAAUW," HEIGHT="28" WIDTH="166" VPOS="358" HPOS="1870"/>
<SP HEIGHT="26" WIDTH="23" VPOS="360" HPOS="2037"/>
<String CONTENT="BERNARD." HEIGHT="22" WIDTH="129" VPOS="360" HPOS="2061"/>
</TextLine>
<TextLine HEIGHT="32" WIDTH="495" VPOS="390" HPOS="1589">
<String CONTENT="A" HEIGHT="19" WIDTH="14" VPOS="391" HPOS="1589"/>
<SP HEIGHT="21" WIDTH="19" VPOS="391" HPOS="1604"/>
<String CONTENT="few" HEIGHT="21" WIDTH="49" VPOS="391" HPOS="1624"/>
<SP HEIGHT="20" WIDTH="17" VPOS="393" HPOS="1674"/>
<String CONTENT="houra" HEIGHT="22" WIDTH="83" VPOS="393" HPOS="1692"/>
<SP HEIGHT="20" WIDTH="20" VPOS="395" HPOS="1776"/>
<String CONTENT="to" HEIGHT="20" WIDTH="30" VPOS="395" HPOS="1797"/>
<SP HEIGHT="18" WIDTH="20" VPOS="398" HPOS="1828"/>
<String CONTENT="sunlight." HEIGHT="26" WIDTH="147" VPOS="395" HPOS="1849"/>
<SP HEIGHT="21" WIDTH="38" VPOS="396" HPOS="1997"/>
<String CONTENT="See" HEIGHT="22" WIDTH="48" VPOS="396" HPOS="2036"/>
</TextLine>
<TextLine HEIGHT="30" WIDTH="287" VPOS="418" HPOS="1623">
<String CONTENT="SAGAN," HEIGHT="29" WIDTH="97" VPOS="419" HPOS="1623"/>
<SP HEIGHT="25" WIDTH="21" VPOS="423" HPOS="1721"/>
<String CONTENT="FRANGOISE." HEIGHT="24" WIDTH="167" VPOS="422" HPOS="1743"/>
</TextLine>
<TextLine HEIGHT="32" WIDTH="630" VPOS="463" HPOS="1586">
<String CONTENT="From" HEIGHT="21" WIDTH="67" VPOS="464" HPOS="1586"/>
<SP HEIGHT="15" WIDTH="17" VPOS="470" HPOS="1654"/>
<String CONTENT="near" HEIGHT="16" WIDTH="65" VPOS="470" HPOS="1672"/>
<SP HEIGHT="15" WIDTH="18" VPOS="471" HPOS="1738"/>
<String CONTENT="and" HEIGHT="20" WIDTH="49" VPOS="467" HPOS="1757"/>
<SP HEIGHT="20" WIDTH="19" VPOS="467" HPOS="1807"/>
<String CONTENT="far." HEIGHT="21" WIDTH="61" VPOS="466" HPOS="1827"/>
<SP HEIGHT="20" WIDTH="40" VPOS="466" HPOS="1889"/>
<String CONTENT="See" HEIGHT="21" WIDTH="48" VPOS="466" HPOS="1930"/>
<SP HEIGHT="19" WIDTH="18" VPOS="468" HPOS="1979"/>
<String CONTENT="HAMP," HEIGHT="27" WIDTH="81" VPOS="467" HPOS="1998"/>
<SP HEIGHT="25" WIDTH="20" VPOS="469" HPOS="2080"/>
<String CONTENT="ERIC" HEIGHT="20" WIDTH="66" VPOS="469" HPOS="2101"/>
<SP HEIGHT="20" WIDTH="19" VPOS="469" HPOS="2168"/>
<String CONTENT="P." HEIGHT="21" WIDTH="28" VPOS="469" HPOS="2188"/>
</TextLine>
<TextLine HEIGHT="34" WIDTH="566" VPOS="506" HPOS="1591">
<String CONTENT="From" HEIGHT="22" WIDTH="67" VPOS="507" HPOS="1591"/>
<SP HEIGHT="16" WIDTH="16" VPOS="514" HPOS="1659"/>
<String CONTENT="near" HEIGHT="17" WIDTH="67" VPOS="514" HPOS="1676"/>
<SP HEIGHT="15" WIDTH="17" VPOS="516" HPOS="1744"/>
<String CONTENT="and" HEIGHT="19" WIDTH="48" VPOS="513" HPOS="1762"/>
<SP HEIGHT="20" WIDTH="19" VPOS="513" HPOS="1811"/>
<String CONTENT="far." HEIGHT="22" WIDTH="62" VPOS="512" HPOS="1831"/>
<SP HEIGHT="20" WIDTH="38" VPOS="514" HPOS="1894"/>
<String CONTENT="See" HEIGHT="21" WIDTH="49" VPOS="514" HPOS="1933"/>
<SP HEIGHT="20" WIDTH="19" VPOS="515" HPOS="1983"/>
<String CONTENT="O'DONNELL" HEIGHT="24" WIDTH="154" VPOS="515" HPOS="2003"/>
</TextLine>
<TextLine HEIGHT="23" WIDTH="96" VPOS="538" HPOS="1624">
<String CONTENT="MABEL." HEIGHT="23" WIDTH="96" VPOS="538" HPOS="1624"/>
</TextLine>
<TextLine HEIGHT="31" WIDTH="563" VPOS="574" HPOS="1591">
<String CONTENT="Geographical" HEIGHT="25" WIDTH="202" VPOS="575" HPOS="1591"/>
<SP HEIGHT="20" WIDTH="19" VPOS="578" HPOS="1794"/>
<String CONTENT="ecology:" HEIGHT="26" WIDTH="131" VPOS="578" HPOS="1814"/>
<SP HEIGHT="21" WIDTH="21" VPOS="583" HPOS="1946"/>
<String CONTENT="patterna" HEIGHT="24" WIDTH="134" VPOS="580" HPOS="1968"/>
<SP HEIGHT="20" WIDTH="19" VPOS="582" HPOS="2103"/>
<String CONTENT="in" HEIGHT="20" WIDTH="31" VPOS="582" HPOS="2123"/>
</TextLine>
<TextLine HEIGHT="31" WIDTH="562" VPOS="603" HPOS="1625">
<String CONTENT="the" HEIGHT="20" WIDTH="47" VPOS="604" HPOS="1625"/>
<SP HEIGHT="19" WIDTH="19" VPOS="606" HPOS="1673"/>
<String CONTENT="diatribution" HEIGHT="23" WIDTH="204" VPOS="605" HPOS="1693"/>
<SP HEIGHT="16" WIDTH="17" VPOS="611" HPOS="1898"/>
<String CONTENT="of" HEIGHT="20" WIDTH="32" VPOS="607" HPOS="1916"/>
<SP HEIGHT="21" WIDTH="19" VPOS="607" HPOS="1949"/>
<String CONTENT="apeciee." HEIGHT="24" WIDTH="130" VPOS="609" HPOS="1969"/>
<SP HEIGHT="20" WIDTH="38" VPOS="610" HPOS="2100"/>
<String CONTENT="See" HEIGHT="21" WIDTH="48" VPOS="610" HPOS="2139"/>
</TextLine>
<TextLine HEIGHT="29" WIDTH="339" VPOS="631" HPOS="1623">
<String CONTENT="MACARTHUR," HEIGHT="28" WIDTH="167" VPOS="632" HPOS="1623"/>
<SP HEIGHT="25" WIDTH="20" VPOS="635" HPOS="1791"/>
<String CONTENT="ROBERT" HEIGHT="22" WIDTH="102" VPOS="634" HPOS="1812"/>
<SP HEIGHT="19" WIDTH="17" VPOS="636" HPOS="1915"/>
<String CONTENT="H." HEIGHT="21" WIDTH="29" VPOS="636" HPOS="1933"/>
</TextLine>
<TextLine HEIGHT="32" WIDTH="595" VPOS="666" HPOS="1592">
<String CONTENT="Green" HEIGHT="22" WIDTH="83" VPOS="667" HPOS="1592"/>
<SP HEIGHT="21" WIDTH="17" VPOS="669" HPOS="1676"/>
<String CONTENT="lady." HEIGHT="26" WIDTH="80" VPOS="669" HPOS="1694"/>
<SP HEIGHT="21" WIDTH="39" VPOS="671" HPOS="1775"/>
<String CONTENT="See" HEIGHT="22" WIDTH="48" VPOS="670" HPOS="1815"/>
<SP HEIGHT="20" WIDTH="18" VPOS="671" HPOS="1864"/>
<String CONTENT="BERG," HEIGHT="26" WIDTH="80" VPOS="671" HPOS="1883"/>
<SP HEIGHT="25" WIDTH="21" VPOS="672" HPOS="1964"/>
<String CONTENT="JEAN" HEIGHT="21" WIDTH="68" VPOS="672" HPOS="1986"/>
<SP HEIGHT="21" WIDTH="16" VPOS="673" HPOS="2055"/>
<String CONTENT="HORTON." HEIGHT="21" WIDTH="115" VPOS="674" HPOS="2072"/>
</TextLine>
<TextLine HEIGHT="31" WIDTH="577" VPOS="707" HPOS="1593">
<String CONTENT="Guide" HEIGHT="21" WIDTH="82" VPOS="708" HPOS="1593"/>
<SP HEIGHT="19" WIDTH="19" VPOS="710" HPOS="1676"/>
<String CONTENT="for" HEIGHT="19" WIDTH="48" VPOS="710" HPOS="1696"/>
<SP HEIGHT="20" WIDTH="16" VPOS="710" HPOS="1745"/>
<String CONTENT="Departures." HEIGHT="24" WIDTH="184" VPOS="709" HPOS="1762"/>
<SP HEIGHT="20" WIDTH="39" VPOS="710" HPOS="1947"/>
<String CONTENT="See" HEIGHT="20" WIDTH="48" VPOS="710" HPOS="1987"/>
<SP HEIGHT="19" WIDTH="18" VPOS="711" HPOS="2036"/>
<String CONTENT="WALLIN," HEIGHT="26" WIDTH="115" VPOS="711" HPOS="2055"/>
</TextLine>
<TextLine HEIGHT="21" WIDTH="95" VPOS="739" HPOS="1627">
<String CONTENT="CAROL." HEIGHT="21" WIDTH="95" VPOS="739" HPOS="1627"/>
</TextLine>
<TextLine HEIGHT="29" WIDTH="495" VPOS="773" HPOS="1599">
<String CONTENT="Guide" HEIGHT="22" WIDTH="82" VPOS="774" HPOS="1599"/>
<SP HEIGHT="19" WIDTH="21" VPOS="776" HPOS="1682"/>
<String CONTENT="for" HEIGHT="20" WIDTH="48" VPOS="776" HPOS="1704"/>
<SP HEIGHT="20" WIDTH="17" VPOS="777" HPOS="1753"/>
<String CONTENT="Opening" HEIGHT="26" WIDTH="118" VPOS="776" HPOS="1771"/>
<SP HEIGHT="25" WIDTH="18" VPOS="776" HPOS="1890"/>
<String CONTENT="doors." HEIGHT="21" WIDTH="96" VPOS="776" HPOS="1909"/>
<SP HEIGHT="20" WIDTH="39" VPOS="778" HPOS="2006"/>
<String CONTENT="See" HEIGHT="20" WIDTH="48" VPOS="778" HPOS="2046"/>
</TextLine>
<TextLine HEIGHT="29" WIDTH="237" VPOS="803" HPOS="1631">
<String CONTENT="WALLIN," HEIGHT="28" WIDTH="117" VPOS="804" HPOS="1631"/>
<SP HEIGHT="25" WIDTH="21" VPOS="807" HPOS="1749"/>
<String CONTENT="CAROL." HEIGHT="22" WIDTH="97" VPOS="806" HPOS="1771"/>
</TextLine>
<TextLine HEIGHT="30" WIDTH="530" VPOS="838" HPOS="1590">
<String CONTENT="Guide" HEIGHT="21" WIDTH="82" VPOS="839" HPOS="1590"/>
<SP HEIGHT="19" WIDTH="19" VPOS="841" HPOS="1673"/>
<String CONTENT="for" HEIGHT="20" WIDTH="48" VPOS="841" HPOS="1693"/>
<SP HEIGHT="20" WIDTH="19" VPOS="842" HPOS="1742"/>
<String CONTENT="Shifting" HEIGHT="27" WIDTH="134" VPOS="841" HPOS="1762"/>
<SP HEIGHT="21" WIDTH="19" VPOS="846" HPOS="1897"/>
<String CONTENT="scenes." HEIGHT="17" WIDTH="112" VPOS="847" HPOS="1917"/>
<SP HEIGHT="20" WIDTH="41" VPOS="845" HPOS="2030"/>
<String CONTENT="See" HEIGHT="20" WIDTH="48" VPOS="845" HPOS="2072"/>
</TextLine>
<TextLine HEIGHT="29" WIDTH="234" VPOS="867" HPOS="1623">
<String CONTENT="WALLIN," HEIGHT="28" WIDTH="116" VPOS="868" HPOS="1623"/>
<SP HEIGHT="24" WIDTH="22" VPOS="872" HPOS="1740"/>
<String CONTENT="CAROL." HEIGHT="21" WIDTH="94" VPOS="871" HPOS="1763"/>
</TextLine>
<TextLine HEIGHT="29" WIDTH="566" VPOS="904" HPOS="1590">
<String CONTENT="Guiding" HEIGHT="26" WIDTH="118" VPOS="905" HPOS="1590"/>
<SP HEIGHT="25" WIDTH="19" VPOS="906" HPOS="1709"/>
<String CONTENT="learning" HEIGHT="26" WIDTH="134" VPOS="905" HPOS="1729"/>
<SP HEIGHT="25" WIDTH="19" VPOS="905" HPOS="1864"/>
<String CONTENT="in" HEIGHT="20" WIDTH="31" VPOS="905" HPOS="1884"/>
<SP HEIGHT="20" WIDTH="18" VPOS="906" HPOS="1916"/>
<String CONTENT="the" HEIGHT="20" WIDTH="46" VPOS="906" HPOS="1935"/>
<SP HEIGHT="16" WIDTH="20" VPOS="910" HPOS="1982"/>
<String CONTENT="secondary" HEIGHT="25" WIDTH="153" VPOS="907" HPOS="2003"/>
</TextLine>
<TextLine HEIGHT="28" WIDTH="579" VPOS="934" HPOS="1624">
<String CONTENT="schools." HEIGHT="20" WIDTH="131" VPOS="935" HPOS="1624"/>
<SP HEIGHT="19" WIDTH="39" VPOS="936" HPOS="1756"/>
<String CONTENT="See" HEIGHT="20" WIDTH="47" VPOS="935" HPOS="1796"/>
<SP HEIGHT="20" WIDTH="19" VPOS="935" HPOS="1844"/>
<String CONTENT="RENNER," HEIGHT="26" WIDTH="116" VPOS="935" HPOS="1864"/>
<SP HEIGHT="25" WIDTH="22" VPOS="936" HPOS="1981"/>
<String CONTENT="JOHN" HEIGHT="20" WIDTH="66" VPOS="936" HPOS="2004"/>
<SP HEIGHT="20" WIDTH="17" VPOS="936" HPOS="2071"/>
<String CONTENT="WILSON." HEIGHT="20" WIDTH="114" VPOS="937" HPOS="2089"/>
</TextLine>
<TextLine HEIGHT="29" WIDTH="561" VPOS="969" HPOS="1583" CS="1">
<String CONTENT="H" HEIGHT="21" WIDTH="16" VPOS="974" HPOS="1583"/>
<SP HEIGHT="24" WIDTH="15" VPOS="971" HPOS="1600"/>
<String CONTENT="&amp;" HEIGHT="22" WIDTH="15" VPOS="971" HPOS="1616"/>
<SP HEIGHT="23" WIDTH="19" VPOS="971" HPOS="1632"/>
<String CONTENT="R" HEIGHT="21" WIDTH="16" VPOS="973" HPOS="1652"/>
<SP HEIGHT="21" WIDTH="17" VPOS="973" HPOS="1669"/>
<String CONTENT="eighth" HEIGHT="25" WIDTH="101" VPOS="973" HPOS="1687"/>
<SP HEIGHT="25" WIDTH="16" VPOS="973" HPOS="1789"/>
<String CONTENT="year" HEIGHT="22" WIDTH="68" VPOS="976" HPOS="1806"/>
<SP HEIGHT="15" WIDTH="19" VPOS="976" HPOS="1875"/>
<String CONTENT="readiness" HEIGHT="21" WIDTH="149" VPOS="970" HPOS="1895"/>
<SP HEIGHT="20" WIDTH="19" VPOS="970" HPOS="2045"/>
<String CONTENT="test." HEIGHT="21" WIDTH="79" VPOS="969" HPOS="2065"/>
</TextLine>
<TextLine HEIGHT="27" WIDTH="389" VPOS="999" HPOS="1619">
<String CONTENT="See" HEIGHT="20" WIDTH="48" VPOS="1003" HPOS="1619"/>
<SP HEIGHT="19" WIDTH="19" VPOS="1003" HPOS="1667"/>
<String CONTENT="VANROEKEL," HEIGHT="26" WIDTH="168" VPOS="1000" HPOS="1686"/>
<SP HEIGHT="25" WIDTH="21" VPOS="1000" HPOS="1854"/>
<String CONTENT="BYRON" HEIGHT="21" WIDTH="86" VPOS="999" HPOS="1875"/>
<SP HEIGHT="20" WIDTH="17" VPOS="999" HPOS="1961"/>
<String CONTENT="H." HEIGHT="20" WIDTH="30" VPOS="999" HPOS="1978"/>
</TextLine>
<TextLine HEIGHT="27" WIDTH="547" VPOS="1037" HPOS="1585">
<String CONTENT="Hereditary" HEIGHT="24" WIDTH="169" VPOS="1040" HPOS="1585"/>
<SP HEIGHT="19" WIDTH="19" VPOS="1045" HPOS="1755"/>
<String CONTENT="retinal" HEIGHT="21" WIDTH="116" VPOS="1038" HPOS="1775"/>
<SP HEIGHT="20" WIDTH="19" VPOS="1038" HPOS="1892"/>
<String CONTENT="and" HEIGHT="20" WIDTH="48" VPOS="1037" HPOS="1912"/>
<SP HEIGHT="20" WIDTH="19" VPOS="1037" HPOS="1961"/>
<String CONTENT="choroidal" HEIGHT="20" WIDTH="151" VPOS="1037" HPOS="1981"/>
</TextLine>
<TextLine HEIGHT="27" WIDTH="492" VPOS="1065" HPOS="1620">
<String CONTENT="diseases." HEIGHT="20" WIDTH="148" VPOS="1069" HPOS="1620"/>
<SP HEIGHT="21" WIDTH="39" VPOS="1068" HPOS="1769"/>
<String CONTENT="See" HEIGHT="21" WIDTH="48" VPOS="1067" HPOS="1809"/>
<SP HEIGHT="19" WIDTH="19" VPOS="1067" HPOS="1858"/>
<String CONTENT="KRILL," HEIGHT="25" WIDTH="97" VPOS="1066" HPOS="1878"/>
<SP HEIGHT="26" WIDTH="19" VPOS="1065" HPOS="1976"/>
<String CONTENT="ALEX" HEIGHT="21" WIDTH="69" VPOS="1065" HPOS="1996"/>
<SP HEIGHT="19" WIDTH="17" VPOS="1066" HPOS="2066"/>
<String CONTENT="E." HEIGHT="21" WIDTH="28" VPOS="1066" HPOS="2084"/>
</TextLine>
</TextBlock>
<TextBlock ID="Page2893_Block6" HEIGHT="198" WIDTH="614" VPOS="1108" HPOS="1592" LANG="en-US" STYLEREFS="StyleId-79E9300B-4F40-40BB-B223-7B5C77328C4C-">
<Shape>
<Polygon POINTS="1837,1108 2206,1108 2206,1305 1840,1305 1840,1306 1592,1306 1592,1109 1837,1109 1837,1108"/>
</Shape>
<TextLine HEIGHT="24" WIDTH="513" VPOS="1114" HPOS="1598">
<String CONTENT="The" HEIGHT="20" WIDTH="48" VPOS="1115" HPOS="1598"/>
<SP HEIGHT="19" WIDTH="18" VPOS="1116" HPOS="1647"/>
<String CONTENT="human" HEIGHT="19" WIDTH="85" VPOS="1116" HPOS="1666"/>
<SP HEIGHT="15" WIDTH="18" VPOS="1120" HPOS="1752"/>
<String CONTENT="adrenal" HEIGHT="22" WIDTH="115" VPOS="1115" HPOS="1771"/>
<SP HEIGHT="20" WIDTH="21" VPOS="1116" HPOS="1887"/>
<String CONTENT="cortex." HEIGHT="20" WIDTH="112" VPOS="1117" HPOS="1909"/>
<SP HEIGHT="19" WIDTH="39" VPOS="1118" HPOS="2022"/>
<String CONTENT="See" HEIGHT="19" WIDTH="49" VPOS="1118" HPOS="2062"/>
</TextLine>
<TextLine HEIGHT="28" WIDTH="424" VPOS="1143" HPOS="1632">
<String CONTENT="CHRISTY," HEIGHT="27" WIDTH="132" VPOS="1144" HPOS="1632"/>
<SP HEIGHT="25" WIDTH="21" VPOS="1146" HPOS="1765"/>
<String CONTENT="NICHOLAS" HEIGHT="21" WIDTH="134" VPOS="1145" HPOS="1787"/>
<SP HEIGHT="20" WIDTH="20" VPOS="1145" HPOS="1922"/>
<String CONTENT="P.," HEIGHT="25" WIDTH="45" VPOS="1145" HPOS="1943"/>
<SP HEIGHT="19" WIDTH="22" VPOS="1151" HPOS="1989"/>
<String CONTENT="ed." HEIGHT="19" WIDTH="44" VPOS="1147" HPOS="2012"/>
</TextLine>
<TextLine HEIGHT="25" WIDTH="479" VPOS="1183" HPOS="1598">
<String CONTENT="The" HEIGHT="21" WIDTH="47" VPOS="1184" HPOS="1598"/>
<SP HEIGHT="21" WIDTH="19" VPOS="1184" HPOS="1646"/>
<String CONTENT="Hungarian" HEIGHT="24" WIDTH="154" VPOS="1184" HPOS="1666"/>
<SP HEIGHT="16" WIDTH="18" VPOS="1188" HPOS="1821"/>
<String CONTENT="cookbook." HEIGHT="22" WIDTH="148" VPOS="1183" HPOS="1840"/>
<SP HEIGHT="20" WIDTH="39" VPOS="1185" HPOS="1989"/>
<String CONTENT="See" HEIGHT="19" WIDTH="48" VPOS="1185" HPOS="2029"/>
</TextLine>
<TextLine HEIGHT="29" WIDTH="287" VPOS="1211" HPOS="1632">
<String CONTENT="DERECSKEY," HEIGHT="28" WIDTH="165" VPOS="1212" HPOS="1632"/>
<SP HEIGHT="26" WIDTH="22" VPOS="1214" HPOS="1798"/>
<String CONTENT="SUSAN." HEIGHT="23" WIDTH="98" VPOS="1211" HPOS="1821"/>
</TextLine>
<TextLine HEIGHT="27" WIDTH="595" VPOS="1249" HPOS="1604">
<String CONTENT="In" HEIGHT="19" WIDTH="30" VPOS="1251" HPOS="1604"/>
<SP HEIGHT="15" WIDTH="19" VPOS="1255" HPOS="1635"/>
<String CONTENT="sunshine" HEIGHT="20" WIDTH="133" VPOS="1250" HPOS="1655"/>
<SP HEIGHT="15" WIDTH="19" VPOS="1255" HPOS="1789"/>
<String CONTENT="and" HEIGHT="21" WIDTH="49" VPOS="1249" HPOS="1809"/>
<SP HEIGHT="20" WIDTH="20" VPOS="1249" HPOS="1859"/>
<String CONTENT="shadows." HEIGHT="20" WIDTH="129" VPOS="1249" HPOS="1880"/>
<SP HEIGHT="20" WIDTH="39" VPOS="1249" HPOS="2010"/>
<String CONTENT="See" HEIGHT="21" WIDTH="48" VPOS="1249" HPOS="2050"/>
<SP HEIGHT="19" WIDTH="18" VPOS="1250" HPOS="2099"/>
<String CONTENT="HAMP," HEIGHT="26" WIDTH="81" VPOS="1249" HPOS="2118"/>
</TextLine>
<TextLine HEIGHT="22" WIDTH="116" VPOS="1278" HPOS="1636">
<String CONTENT="ERIC" HEIGHT="21" WIDTH="67" VPOS="1278" HPOS="1636"/>
<SP HEIGHT="19" WIDTH="18" VPOS="1280" HPOS="1704"/>
<String CONTENT="P." HEIGHT="20" WIDTH="29" VPOS="1280" HPOS="1723"/>
</TextLine>
</TextBlock>
<TextBlock ID="Page2893_Block7" HEIGHT="1567" WIDTH="672" VPOS="1315" HPOS="1575" LANG="en-US" CS="1" STYLEREFS="StyleId-79E9300B-4F40-40BB-B223-7B5C77328C4C-">
<Shape>
<Polygon POINTS="1837,1315 2243,1315 2243,1435 2244,1435 2244,1866 2245,1866 2245,2297 2246,2297 2246,2728 2247,2728 2247,2880 2246,2880 2246,2881 1840,2881 1840,2882 1579,2882 1579,2732 1578,2732 1578,2300 1577,2300 1577,1869 1576,1869 1576,1438 1575,1438 1575,1316 1837,1316 1837,1315"/>
</Shape>
<TextLine HEIGHT="30" WIDTH="545" VPOS="1320" HPOS="1590">
<String CONTENT="Instructor's" HEIGHT="22" WIDTH="202" VPOS="1321" HPOS="1590"/>
<SP HEIGHT="15" WIDTH="19" VPOS="1328" HPOS="1793"/>
<String CONTENT="manual" HEIGHT="20" WIDTH="98" VPOS="1324" HPOS="1813"/>
<SP HEIGHT="19" WIDTH="21" VPOS="1324" HPOS="1912"/>
<String CONTENT="to" HEIGHT="19" WIDTH="32" VPOS="1324" HPOS="1934"/>
<SP HEIGHT="15" WIDTH="17" VPOS="1328" HPOS="1967"/>
<String CONTENT="accompany" HEIGHT="21" WIDTH="150" VPOS="1328" HPOS="1985"/>
</TextLine>
<TextLine HEIGHT="29" WIDTH="579" VPOS="1352" HPOS="1624">
<String CONTENT="Child" HEIGHT="21" WIDTH="83" VPOS="1353" HPOS="1624"/>
<SP HEIGHT="19" WIDTH="18" VPOS="1354" HPOS="1708"/>
<String CONTENT="development" HEIGHT="25" WIDTH="186" VPOS="1353" HPOS="1727"/>
<SP HEIGHT="20" WIDTH="19" VPOS="1353" HPOS="1914"/>
<String CONTENT="and" HEIGHT="19" WIDTH="49" VPOS="1354" HPOS="1934"/>
<SP HEIGHT="24" WIDTH="18" VPOS="1354" HPOS="1984"/>
<String CONTENT="personality," HEIGHT="25" WIDTH="200" VPOS="1355" HPOS="2003"/>
</TextLine>
<TextLine HEIGHT="30" WIDTH="441" VPOS="1381" HPOS="1624" CS="1">
<String CONTENT="third" HEIGHT="21" WIDTH="83" VPOS="1382" HPOS="1624"/>
<SP HEIGHT="20" WIDTH="19" VPOS="1383" HPOS="1708"/>
<String CONTENT="edition." HEIGHT="22" WIDTH="129" VPOS="1382" HPOS="1728"/>
<SP HEIGHT="20" WIDTH="40" VPOS="1383" HPOS="1858"/>
<String CONTENT="See" HEIGHT="20" WIDTH="48" VPOS="1383" HPOS="1899"/>
<SP HEIGHT="20" WIDTH="19" VPOS="1383" HPOS="1948"/>
<String CONTENT="HAITH," HEIGHT="27" WIDTH="97" VPOS="1383" HPOS="1968"/>
</TextLine>
<TextLine HEIGHT="22" WIDTH="184" VPOS="1412" HPOS="1622">
<String CONTENT="MARSHALL" HEIGHT="21" WIDTH="137" VPOS="1412" HPOS="1622"/>
<SP HEIGHT="19" WIDTH="16" VPOS="1414" HPOS="1760"/>
<String CONTENT="M." HEIGHT="20" WIDTH="29" VPOS="1414" HPOS="1777"/>
</TextLine>
<TextLine HEIGHT="25" WIDTH="548" VPOS="1446" HPOS="1596">
<String CONTENT="Instructor's" HEIGHT="22" WIDTH="201" VPOS="1447" HPOS="1596"/>
<SP HEIGHT="16" WIDTH="18" VPOS="1451" HPOS="1798"/>
<String CONTENT="manual" HEIGHT="21" WIDTH="101" VPOS="1446" HPOS="1817"/>
<SP HEIGHT="20" WIDTH="18" VPOS="1446" HPOS="1919"/>
<String CONTENT="to" HEIGHT="19" WIDTH="34" VPOS="1446" HPOS="1938"/>
<SP HEIGHT="15" WIDTH="16" VPOS="1449" HPOS="1973"/>
<String CONTENT="accompany" HEIGHT="21" WIDTH="154" VPOS="1449" HPOS="1990"/>
</TextLine>
<TextLine HEIGHT="26" WIDTH="548" VPOS="1475" HPOS="1629">
<String CONTENT="Conflict" HEIGHT="21" WIDTH="133" VPOS="1477" HPOS="1629"/>
<SP HEIGHT="20" WIDTH="20" VPOS="1477" HPOS="1763"/>
<String CONTENT="&amp;" HEIGHT="19" WIDTH="16" VPOS="1477" HPOS="1784"/>
<SP HEIGHT="20" WIDTH="16" VPOS="1477" HPOS="1801"/>
<String CONTENT="decision" HEIGHT="21" WIDTH="136" VPOS="1476" HPOS="1818"/>
<SP HEIGHT="15" WIDTH="17" VPOS="1480" HPOS="1955"/>
<String CONTENT="making." HEIGHT="25" WIDTH="114" VPOS="1475" HPOS="1973"/>
<SP HEIGHT="20" WIDTH="40" VPOS="1475" HPOS="2088"/>
<String CONTENT="See" HEIGHT="20" WIDTH="48" VPOS="1475" HPOS="2129"/>
</TextLine>
<TextLine HEIGHT="27" WIDTH="216" VPOS="1506" HPOS="1630">
<String CONTENT="SMITH," HEIGHT="26" WIDTH="97" VPOS="1507" HPOS="1630"/>
<SP HEIGHT="25" WIDTH="20" VPOS="1508" HPOS="1728"/>
<String CONTENT="TERRY." HEIGHT="21" WIDTH="97" VPOS="1506" HPOS="1749"/>
</TextLine>
<TextLine HEIGHT="25" WIDTH="549" VPOS="1545" HPOS="1590">
<String CONTENT="Instructor's" HEIGHT="22" WIDTH="201" VPOS="1546" HPOS="1590"/>
<SP HEIGHT="15" WIDTH="19" VPOS="1551" HPOS="1792"/>
<String CONTENT="manual" HEIGHT="21" WIDTH="103" VPOS="1545" HPOS="1812"/>
<SP HEIGHT="20" WIDTH="17" VPOS="1545" HPOS="1916"/>
<String CONTENT="to" HEIGHT="19" WIDTH="33" VPOS="1545" HPOS="1934"/>
<SP HEIGHT="15" WIDTH="18" VPOS="1549" HPOS="1968"/>
<String CONTENT="accompany" HEIGHT="21" WIDTH="152" VPOS="1548" HPOS="1987"/>
</TextLine>
<TextLine HEIGHT="28" WIDTH="585" VPOS="1572" HPOS="1622">
<String CONTENT="Marketing" HEIGHT="24" WIDTH="155" VPOS="1576" HPOS="1622"/>
<SP HEIGHT="20" WIDTH="17" VPOS="1580" HPOS="1778"/>
<String CONTENT="research:" HEIGHT="21" WIDTH="149" VPOS="1574" HPOS="1796"/>
<SP HEIGHT="16" WIDTH="21" VPOS="1578" HPOS="1946"/>
<String CONTENT="management" HEIGHT="24" WIDTH="169" VPOS="1573" HPOS="1968"/>
<SP HEIGHT="19" WIDTH="21" VPOS="1573" HPOS="2138"/>
<String CONTENT="and" HEIGHT="20" WIDTH="47" VPOS="1572" HPOS="2160"/>
</TextLine>
<TextLine HEIGHT="29" WIDTH="512" VPOS="1598" HPOS="1623">
<String CONTENT="methods." HEIGHT="21" WIDTH="133" VPOS="1602" HPOS="1623"/>
<SP HEIGHT="21" WIDTH="39" VPOS="1602" HPOS="1757"/>
<String CONTENT="See" HEIGHT="22" WIDTH="45" VPOS="1601" HPOS="1797"/>
<SP HEIGHT="21" WIDTH="21" VPOS="1600" HPOS="1843"/>
<String CONTENT="WENTZ," HEIGHT="26" WIDTH="99" VPOS="1600" HPOS="1865"/>
<SP HEIGHT="27" WIDTH="19" VPOS="1599" HPOS="1965"/>
<String CONTENT="WALTER" HEIGHT="23" WIDTH="102" VPOS="1598" HPOS="1985"/>
<SP HEIGHT="20" WIDTH="18" VPOS="1600" HPOS="2088"/>
<String CONTENT="B." HEIGHT="20" WIDTH="28" VPOS="1600" HPOS="2107"/>
</TextLine>
<TextLine HEIGHT="31" WIDTH="547" VPOS="1637" HPOS="1601">
<String CONTENT="Instructor's" HEIGHT="22" WIDTH="200" VPOS="1638" HPOS="1601"/>
<SP HEIGHT="15" WIDTH="18" VPOS="1645" HPOS="1802"/>
<String CONTENT="manual" HEIGHT="21" WIDTH="102" VPOS="1640" HPOS="1821"/>
<SP HEIGHT="20" WIDTH="18" VPOS="1640" HPOS="1924"/>
<String CONTENT="to" HEIGHT="20" WIDTH="32" VPOS="1640" HPOS="1943"/>
<SP HEIGHT="17" WIDTH="18" VPOS="1645" HPOS="1976"/>
<String CONTENT="accompany" HEIGHT="22" WIDTH="153" VPOS="1645" HPOS="1995"/>
</TextLine>
<TextLine HEIGHT="27" WIDTH="546" VPOS="1667" HPOS="1632" CS="1">
<String CONTENT="Texas" HEIGHT="21" WIDTH="83" VPOS="1668" HPOS="1632"/>
<SP HEIGHT="20" WIDTH="19" VPOS="1674" HPOS="1716"/>
<String CONTENT="politics:" HEIGHT="25" WIDTH="149" VPOS="1669" HPOS="1736"/>
<SP HEIGHT="14" WIDTH="21" VPOS="1675" HPOS="1886"/>
<String CONTENT="an" HEIGHT="14" WIDTH="33" VPOS="1675" HPOS="1908"/>
<SP HEIGHT="19" WIDTH="19" VPOS="1670" HPOS="1942"/>
<String CONTENT="introduction." HEIGHT="21" WIDTH="216" VPOS="1670" HPOS="1962"/>
</TextLine>
<TextLine HEIGHT="29" WIDTH="371" VPOS="1696" HPOS="1633">
<String CONTENT="See" HEIGHT="22" WIDTH="49" VPOS="1697" HPOS="1633"/>
<SP HEIGHT="19" WIDTH="17" VPOS="1700" HPOS="1683"/>
<String CONTENT="ANDERSON," HEIGHT="27" WIDTH="150" VPOS="1698" HPOS="1701"/>
<SP HEIGHT="25" WIDTH="20" VPOS="1699" HPOS="1852"/>
<String CONTENT="JAMES" HEIGHT="19" WIDTH="84" VPOS="1699" HPOS="1873"/>
<SP HEIGHT="19" WIDTH="18" VPOS="1699" HPOS="1958"/>
<String CONTENT="E." HEIGHT="22" WIDTH="27" VPOS="1699" HPOS="1977"/>
</TextLine>
<TextLine HEIGHT="26" WIDTH="615" VPOS="1730" HPOS="1598">
<String CONTENT="Instructor's" HEIGHT="22" WIDTH="200" VPOS="1732" HPOS="1598"/>
<SP HEIGHT="15" WIDTH="19" VPOS="1738" HPOS="1799"/>
<String CONTENT="manual" HEIGHT="22" WIDTH="101" VPOS="1731" HPOS="1819"/>
<SP HEIGHT="20" WIDTH="19" VPOS="1731" HPOS="1921"/>
<String CONTENT="to" HEIGHT="19" WIDTH="32" VPOS="1731" HPOS="1941"/>
<SP HEIGHT="15" WIDTH="19" VPOS="1735" HPOS="1974"/>
<String CONTENT="accompany" HEIGHT="21" WIDTH="152" VPOS="1734" HPOS="1994"/>
<SP HEIGHT="24" WIDTH="15" VPOS="1730" HPOS="2147"/>
<String CONTENT="The" HEIGHT="20" WIDTH="50" VPOS="1730" HPOS="2163"/>
</TextLine>
<TextLine HEIGHT="27" WIDTH="529" VPOS="1759" HPOS="1631">
<String CONTENT="art" HEIGHT="19" WIDTH="48" VPOS="1764" HPOS="1631"/>
<SP HEIGHT="19" WIDTH="19" VPOS="1764" HPOS="1680"/>
<String CONTENT="of" HEIGHT="19" WIDTH="32" VPOS="1763" HPOS="1700"/>
<SP HEIGHT="19" WIDTH="18" VPOS="1763" HPOS="1733"/>
<String CONTENT="theory:" HEIGHT="25" WIDTH="114" VPOS="1761" HPOS="1752"/>
<SP HEIGHT="15" WIDTH="22" VPOS="1765" HPOS="1867"/>
<String CONTENT="construction" HEIGHT="21" WIDTH="204" VPOS="1759" HPOS="1890"/>
<SP HEIGHT="15" WIDTH="18" VPOS="1763" HPOS="2095"/>
<String CONTENT="and" HEIGHT="19" WIDTH="46" VPOS="1759" HPOS="2114"/>
</TextLine>
<TextLine HEIGHT="28" WIDTH="510" VPOS="1788" HPOS="1631">
<String CONTENT="use." HEIGHT="17" WIDTH="62" VPOS="1796" HPOS="1631"/>
<SP HEIGHT="20" WIDTH="39" VPOS="1792" HPOS="1694"/>
<String CONTENT="See" HEIGHT="20" WIDTH="48" VPOS="1792" HPOS="1734"/>
<SP HEIGHT="19" WIDTH="18" VPOS="1792" HPOS="1783"/>
<String CONTENT="MULLINS," HEIGHT="27" WIDTH="133" VPOS="1789" HPOS="1802"/>
<SP HEIGHT="26" WIDTH="21" VPOS="1789" HPOS="1936"/>
<String CONTENT="NICHOLAS" HEIGHT="21" WIDTH="136" VPOS="1788" HPOS="1958"/>
<SP HEIGHT="20" WIDTH="18" VPOS="1788" HPOS="2095"/>
<String CONTENT="C." HEIGHT="21" WIDTH="27" VPOS="1788" HPOS="2114"/>
</TextLine>
<TextLine HEIGHT="25" WIDTH="548" VPOS="1832" HPOS="1593">
<String CONTENT="Instructor's" HEIGHT="22" WIDTH="201" VPOS="1833" HPOS="1593"/>
<SP HEIGHT="15" WIDTH="19" VPOS="1838" HPOS="1795"/>
<String CONTENT="manual" HEIGHT="21" WIDTH="102" VPOS="1832" HPOS="1815"/>
<SP HEIGHT="20" WIDTH="18" VPOS="1832" HPOS="1918"/>
<String CONTENT="to" HEIGHT="19" WIDTH="32" VPOS="1832" HPOS="1937"/>
<SP HEIGHT="15" WIDTH="17" VPOS="1835" HPOS="1970"/>
<String CONTENT="accompany" HEIGHT="21" WIDTH="153" VPOS="1835" HPOS="1988"/>
</TextLine>
<TextLine HEIGHT="28" WIDTH="495" VPOS="1859" HPOS="1625" CS="1">
<String CONTENT="The" HEIGHT="21" WIDTH="50" VPOS="1862" HPOS="1625"/>
<SP HEIGHT="20" WIDTH="20" VPOS="1863" HPOS="1675"/>
<String CONTENT="Harper" HEIGHT="24" WIDTH="103" VPOS="1863" HPOS="1695"/>
<SP HEIGHT="15" WIDTH="17" VPOS="1867" HPOS="1799"/>
<String CONTENT="reader." HEIGHT="21" WIDTH="114" VPOS="1861" HPOS="1816"/>
<SP HEIGHT="21" WIDTH="42" VPOS="1859" HPOS="1930"/>
<String CONTENT="See" HEIGHT="20" WIDTH="47" VPOS="1859" HPOS="1972"/>
<SP HEIGHT="20" WIDTH="21" VPOS="1859" HPOS="2019"/>
<String CONTENT="COHN," HEIGHT="26" WIDTH="80" VPOS="1859" HPOS="2040"/>
</TextLine>
<TextLine HEIGHT="22" WIDTH="78" VPOS="1892" HPOS="1628">
<String CONTENT="JILL." HEIGHT="22" WIDTH="78" VPOS="1892" HPOS="1628"/>
</TextLine>
<TextLine HEIGHT="25" WIDTH="546" VPOS="1926" HPOS="1611">
<String CONTENT="Introduction" HEIGHT="20" WIDTH="203" VPOS="1928" HPOS="1611"/>
<SP HEIGHT="20" WIDTH="17" VPOS="1928" HPOS="1815"/>
<String CONTENT="to" HEIGHT="21" WIDTH="32" VPOS="1927" HPOS="1833"/>
<SP HEIGHT="20" WIDTH="19" VPOS="1927" HPOS="1866"/>
<String CONTENT="hematology." HEIGHT="24" WIDTH="182" VPOS="1926" HPOS="1886"/>
<SP HEIGHT="21" WIDTH="38" VPOS="1926" HPOS="2069"/>
<String CONTENT="See" HEIGHT="19" WIDTH="49" VPOS="1926" HPOS="2108"/>
</TextLine>
<TextLine HEIGHT="28" WIDTH="321" VPOS="1954" HPOS="1643">
<String CONTENT="RAPAPORT," HEIGHT="26" WIDTH="150" VPOS="1956" HPOS="1643"/>
<SP HEIGHT="25" WIDTH="21" VPOS="1957" HPOS="1794"/>
<String CONTENT="SAMUEL" HEIGHT="22" WIDTH="103" VPOS="1954" HPOS="1816"/>
<SP HEIGHT="21" WIDTH="16" VPOS="1954" HPOS="1920"/>
<String CONTENT="I." HEIGHT="21" WIDTH="27" VPOS="1954" HPOS="1937"/>
</TextLine>
<TextLine HEIGHT="23" WIDTH="596" VPOS="1996" HPOS="1606">
<String CONTENT="Introduction" HEIGHT="20" WIDTH="202" VPOS="1999" HPOS="1606"/>
<SP HEIGHT="20" WIDTH="19" VPOS="1998" HPOS="1809"/>
<String CONTENT="to" HEIGHT="21" WIDTH="31" VPOS="1997" HPOS="1829"/>
<SP HEIGHT="20" WIDTH="19" VPOS="1997" HPOS="1861"/>
<String CONTENT="the" HEIGHT="20" WIDTH="46" VPOS="1997" HPOS="1881"/>
<SP HEIGHT="15" WIDTH="19" VPOS="2002" HPOS="1928"/>
<String CONTENT="musculoskeletal" HEIGHT="20" WIDTH="254" VPOS="1996" HPOS="1948"/>
</TextLine>
<TextLine HEIGHT="28" WIDTH="509" VPOS="2025" HPOS="1640">
<String CONTENT="system." HEIGHT="23" WIDTH="112" VPOS="2028" HPOS="1640"/>
<SP HEIGHT="20" WIDTH="40" VPOS="2027" HPOS="1753"/>
<String CONTENT="See" HEIGHT="21" WIDTH="47" VPOS="2026" HPOS="1794"/>
<SP HEIGHT="20" WIDTH="19" VPOS="2026" HPOS="1842"/>
<String CONTENT="ROSSE," HEIGHT="27" WIDTH="98" VPOS="2025" HPOS="1862"/>
<SP HEIGHT="27" WIDTH="21" VPOS="2025" HPOS="1961"/>
<String CONTENT="CORNELIUS." HEIGHT="20" WIDTH="166" VPOS="2025" HPOS="1983"/>
</TextLine>
<TextLine HEIGHT="27" WIDTH="545" VPOS="2064" HPOS="1609" CS="1">
<String CONTENT="It" HEIGHT="19" WIDTH="31" VPOS="2065" HPOS="1609"/>
<SP HEIGHT="20" WIDTH="17" VPOS="2065" HPOS="1641"/>
<String CONTENT="happened" HEIGHT="25" WIDTH="135" VPOS="2065" HPOS="1659"/>
<SP HEIGHT="20" WIDTH="20" VPOS="2065" HPOS="1795"/>
<String CONTENT="this" HEIGHT="21" WIDTH="64" VPOS="2064" HPOS="1816"/>
<SP HEIGHT="15" WIDTH="18" VPOS="2069" HPOS="1881"/>
<String CONTENT="way." HEIGHT="20" WIDTH="63" VPOS="2069" HPOS="1900"/>
<SP HEIGHT="21" WIDTH="40" VPOS="2064" HPOS="1964"/>
<String CONTENT="See" HEIGHT="20" WIDTH="48" VPOS="2064" HPOS="2005"/>
<SP HEIGHT="20" WIDTH="17" VPOS="2064" HPOS="2054"/>
<String CONTENT="HAMP," HEIGHT="26" WIDTH="82" VPOS="2064" HPOS="2072"/>
</TextLine>
<TextLine HEIGHT="21" WIDTH="114" VPOS="2093" HPOS="1642">
<String CONTENT="ERIC" HEIGHT="21" WIDTH="65" VPOS="2093" HPOS="1642"/>
<SP HEIGHT="20" WIDTH="21" VPOS="2094" HPOS="1708"/>
<String CONTENT="P." HEIGHT="20" WIDTH="26" VPOS="2094" HPOS="1730"/>
</TextLine>
<TextLine HEIGHT="28" WIDTH="632" VPOS="2125" HPOS="1606">
<String CONTENT="Lecturas" HEIGHT="20" WIDTH="133" VPOS="2127" HPOS="1606"/>
<SP HEIGHT="15" WIDTH="19" VPOS="2132" HPOS="1740"/>
<String CONTENT="amenas." HEIGHT="16" WIDTH="114" VPOS="2131" HPOS="1760"/>
<SP HEIGHT="20" WIDTH="39" VPOS="2126" HPOS="1875"/>
<String CONTENT="See" HEIGHT="20" WIDTH="48" VPOS="2126" HPOS="1915"/>
<SP HEIGHT="20" WIDTH="19" VPOS="2126" HPOS="1964"/>
<String CONTENT="HASTEN," HEIGHT="27" WIDTH="116" VPOS="2125" HPOS="1984"/>
<SP HEIGHT="25" WIDTH="20" VPOS="2127" HPOS="2101"/>
<String CONTENT="LLOYD" HEIGHT="19" WIDTH="85" VPOS="2127" HPOS="2122"/>
<SP HEIGHT="20" WIDTH="15" VPOS="2126" HPOS="2208"/>
<String CONTENT="A" HEIGHT="20" WIDTH="14" VPOS="2126" HPOS="2224"/>
</TextLine>
<TextLine HEIGHT="23" WIDTH="530" VPOS="2163" HPOS="1607">
<String CONTENT="Letters" HEIGHT="21" WIDTH="117" VPOS="2164" HPOS="1607"/>
<SP HEIGHT="18" WIDTH="20" VPOS="2167" HPOS="1725"/>
<String CONTENT="to" HEIGHT="18" WIDTH="31" VPOS="2167" HPOS="1746"/>
<SP HEIGHT="20" WIDTH="17" VPOS="2165" HPOS="1778"/>
<String CONTENT="Leontine" HEIGHT="21" WIDTH="134" VPOS="2164" HPOS="1796"/>
<SP HEIGHT="20" WIDTH="18" VPOS="2164" HPOS="1931"/>
<String CONTENT="Zanta." HEIGHT="20" WIDTH="97" VPOS="2164" HPOS="1950"/>
<SP HEIGHT="21" WIDTH="40" VPOS="2163" HPOS="2048"/>
<String CONTENT="See" HEIGHT="22" WIDTH="48" VPOS="2163" HPOS="2089"/>
</TextLine>
<TextLine HEIGHT="27" WIDTH="475" VPOS="2192" HPOS="1641">
<String CONTENT="TEILHARD" HEIGHT="20" WIDTH="137" VPOS="2193" HPOS="1641"/>
<SP HEIGHT="19" WIDTH="16" VPOS="2194" HPOS="1779"/>
<String CONTENT="DE" HEIGHT="19" WIDTH="33" VPOS="2194" HPOS="1796"/>
<SP HEIGHT="20" WIDTH="17" VPOS="2193" HPOS="1830"/>
<String CONTENT="CHARDIN," HEIGHT="25" WIDTH="131" VPOS="2193" HPOS="1848"/>
<SP HEIGHT="25" WIDTH="22" VPOS="2193" HPOS="1980"/>
<String CONTENT="PIERRE." HEIGHT="21" WIDTH="113" VPOS="2193" HPOS="2003"/>
</TextLine>
<TextLine HEIGHT="26" WIDTH="581" VPOS="2230" HPOS="1596">
<String CONTENT="Marketing" HEIGHT="25" WIDTH="152" VPOS="2231" HPOS="1596"/>
<SP HEIGHT="20" WIDTH="19" VPOS="2236" HPOS="1749"/>
<String CONTENT="research:" HEIGHT="21" WIDTH="147" VPOS="2230" HPOS="1769"/>
<SP HEIGHT="15" WIDTH="20" VPOS="2235" HPOS="1917"/>
<String CONTENT="management" HEIGHT="23" WIDTH="170" VPOS="2231" HPOS="1938"/>
<SP HEIGHT="19" WIDTH="18" VPOS="2231" HPOS="2109"/>
<String CONTENT="and" HEIGHT="20" WIDTH="49" VPOS="2230" HPOS="2128"/>
</TextLine>
<TextLine HEIGHT="27" WIDTH="510" VPOS="2259" HPOS="1629">
<String CONTENT="methods." HEIGHT="20" WIDTH="131" VPOS="2261" HPOS="1629"/>
<SP HEIGHT="20" WIDTH="41" VPOS="2261" HPOS="1761"/>
<String CONTENT="See" HEIGHT="21" WIDTH="48" VPOS="2260" HPOS="1803"/>
<SP HEIGHT="20" WIDTH="16" VPOS="2260" HPOS="1852"/>
<String CONTENT="WENTZ," HEIGHT="25" WIDTH="99" VPOS="2260" HPOS="1869"/>
<SP HEIGHT="25" WIDTH="19" VPOS="2260" HPOS="1969"/>
<String CONTENT="WALTER" HEIGHT="21" WIDTH="104" VPOS="2259" HPOS="1989"/>
<SP HEIGHT="21" WIDTH="17" VPOS="2259" HPOS="2094"/>
<String CONTENT="3." HEIGHT="20" WIDTH="27" VPOS="2261" HPOS="2112"/>
</TextLine>
<TextLine HEIGHT="29" WIDTH="567" VPOS="2300" HPOS="1599">
<String CONTENT="Medical" HEIGHT="22" WIDTH="118" VPOS="2301" HPOS="1599"/>
<SP HEIGHT="20" WIDTH="19" VPOS="2303" HPOS="1718"/>
<String CONTENT="laboratory" HEIGHT="26" WIDTH="170" VPOS="2302" HPOS="1738"/>
<SP HEIGHT="24" WIDTH="18" VPOS="2303" HPOS="1909"/>
<String CONTENT="techniques&#8212;20" HEIGHT="25" WIDTH="238" VPOS="2303" HPOS="1928"/>
</TextLine>
<TextLine HEIGHT="56" WIDTH="548" VPOS="2331" HPOS="1634" CS="1">
<String CONTENT="full" HEIGHT="19" WIDTH="66" VPOS="2332" HPOS="1634"/>
<SP HEIGHT="19" WIDTH="18" VPOS="2332" HPOS="1701"/>
<String CONTENT="color" HEIGHT="20" WIDTH="84" VPOS="2332" HPOS="1720"/>
<SP HEIGHT="15" WIDTH="19" VPOS="2337" HPOS="1805"/>
<String CONTENT="slides" HEIGHT="21" WIDTH="98" VPOS="2331" HPOS="1825"/>
<SP HEIGHT="15" WIDTH="20" VPOS="2336" HPOS="1924"/>
<String CONTENT="on:" HEIGHT="17" WIDTH="43" VPOS="2336" HPOS="1945"/>
<SP HEIGHT="20" WIDTH="22" VPOS="2333" HPOS="1989"/>
<String CONTENT="blood" HEIGHT="19" WIDTH="84" VPOS="2333" HPOS="2012"/>
<SP HEIGHT="24" WIDTH="18" VPOS="2333" HPOS="2097"/>
<String CONTENT="parasites." HEIGHT="42" WIDTH="547" VPOS="2338" HPOS="1635"/>
<SP HEIGHT="20" WIDTH="39" VPOS="2361" HPOS="1731"/>
<String CONTENT="See" HEIGHT="20" WIDTH="48" VPOS="2361" HPOS="1771"/>
<SP HEIGHT="20" WIDTH="19" VPOS="2361" HPOS="1820"/>
<String CONTENT="DIXON," HEIGHT="27" WIDTH="98" VPOS="2360" HPOS="1840"/>
<SP HEIGHT="25" WIDTH="21" VPOS="2361" HPOS="1939"/>
<String CONTENT="ROBERT" HEIGHT="21" WIDTH="102" VPOS="2361" HPOS="1961"/>
<SP HEIGHT="20" WIDTH="17" VPOS="2362" HPOS="2064"/>
<String CONTENT="M." HEIGHT="20" WIDTH="27" VPOS="2362" HPOS="2082"/>
</TextLine>
<TextLine HEIGHT="26" WIDTH="598" VPOS="2401" HPOS="1586">
<String CONTENT="Merchants" HEIGHT="20" WIDTH="151" VPOS="2402" HPOS="1586"/>
<SP HEIGHT="15" WIDTH="21" VPOS="2407" HPOS="1738"/>
<String CONTENT="of" HEIGHT="19" WIDTH="31" VPOS="2403" HPOS="1760"/>
<SP HEIGHT="19" WIDTH="19" VPOS="2403" HPOS="1792"/>
<String CONTENT="the" HEIGHT="21" WIDTH="47" VPOS="2401" HPOS="1812"/>
<SP HEIGHT="15" WIDTH="20" VPOS="2406" HPOS="1860"/>
<String CONTENT="sixteenth" HEIGHT="20" WIDTH="151" VPOS="2401" HPOS="1881"/>
<SP HEIGHT="20" WIDTH="19" VPOS="2402" HPOS="2033"/>
<String CONTENT="century." HEIGHT="24" WIDTH="131" VPOS="2402" HPOS="2053"/>
</TextLine>
<TextLine HEIGHT="27" WIDTH="338" VPOS="2429" HPOS="1622">
<String CONTENT="See" HEIGHT="21" WIDTH="48" VPOS="2430" HPOS="1622"/>
<SP HEIGHT="19" WIDTH="18" VPOS="2432" HPOS="1671"/>
<String CONTENT="JEANNIN," HEIGHT="26" WIDTH="132" VPOS="2430" HPOS="1690"/>
<SP HEIGHT="26" WIDTH="22" VPOS="2430" HPOS="1823"/>
<String CONTENT="PIERRE." HEIGHT="20" WIDTH="114" VPOS="2430" HPOS="1846"/>
</TextLine>
<TextLine HEIGHT="29" WIDTH="595" VPOS="2462" HPOS="1597">
<String CONTENT="Money," HEIGHT="27" WIDTH="97" VPOS="2463" HPOS="1597"/>
<SP HEIGHT="23" WIDTH="22" VPOS="2465" HPOS="1695"/>
<String CONTENT="banking" HEIGHT="25" WIDTH="118" VPOS="2465" HPOS="1718"/>
<SP HEIGHT="21" WIDTH="18" VPOS="2469" HPOS="1837"/>
<String CONTENT="and" HEIGHT="20" WIDTH="47" VPOS="2464" HPOS="1856"/>
<SP HEIGHT="20" WIDTH="19" VPOS="2464" HPOS="1904"/>
<String CONTENT="monetary" HEIGHT="24" WIDTH="136" VPOS="2465" HPOS="1924"/>
<SP HEIGHT="20" WIDTH="16" VPOS="2470" HPOS="2061"/>
<String CONTENT="policy." HEIGHT="25" WIDTH="114" VPOS="2465" HPOS="2078"/>
</TextLine>
<TextLine HEIGHT="29" WIDTH="389" VPOS="2491" HPOS="1631">
<String CONTENT="See" HEIGHT="22" WIDTH="49" VPOS="2492" HPOS="1631"/>
<SP HEIGHT="19" WIDTH="17" VPOS="2494" HPOS="1681"/>
<String CONTENT="WILLIAMS," HEIGHT="27" WIDTH="150" VPOS="2493" HPOS="1699"/>
<SP HEIGHT="25" WIDTH="22" VPOS="2494" HPOS="1850"/>
<String CONTENT="HAROLD" HEIGHT="21" WIDTH="100" VPOS="2493" HPOS="1873"/>
<SP HEIGHT="20" WIDTH="18" VPOS="2494" HPOS="1974"/>
<String CONTENT="R." HEIGHT="21" WIDTH="27" VPOS="2494" HPOS="1993"/>
</TextLine>
<TextLine HEIGHT="32" WIDTH="578" VPOS="2525" HPOS="1591">
<String CONTENT="Next-best." HEIGHT="25" WIDTH="164" VPOS="2526" HPOS="1591"/>
<SP HEIGHT="21" WIDTH="40" VPOS="2531" HPOS="1756"/>
<String CONTENT="See" HEIGHT="22" WIDTH="47" VPOS="2530" HPOS="1797"/>
<SP HEIGHT="20" WIDTH="19" VPOS="2531" HPOS="1845"/>
<String CONTENT="BERG," HEIGHT="26" WIDTH="80" VPOS="2530" HPOS="1865"/>
<SP HEIGHT="25" WIDTH="21" VPOS="2531" HPOS="1946"/>
<String CONTENT="JEAN" HEIGHT="21" WIDTH="69" VPOS="2530" HPOS="1968"/>
<SP HEIGHT="21" WIDTH="15" VPOS="2531" HPOS="2038"/>
<String CONTENT="HORTON." HEIGHT="22" WIDTH="115" VPOS="2530" HPOS="2054"/>
</TextLine>
<TextLine HEIGHT="29" WIDTH="513" VPOS="2571" HPOS="1583">
<String CONTENT="The" HEIGHT="20" WIDTH="48" VPOS="2572" HPOS="1583"/>
<SP HEIGHT="16" WIDTH="19" VPOS="2577" HPOS="1632"/>
<String CONTENT="night" HEIGHT="25" WIDTH="82" VPOS="2572" HPOS="1652"/>
<SP HEIGHT="20" WIDTH="20" VPOS="2574" HPOS="1735"/>
<String CONTENT="of" HEIGHT="19" WIDTH="33" VPOS="2575" HPOS="1756"/>
<SP HEIGHT="20" WIDTH="16" VPOS="2575" HPOS="1790"/>
<String CONTENT="long" HEIGHT="26" WIDTH="67" VPOS="2574" HPOS="1807"/>
<SP HEIGHT="25" WIDTH="17" VPOS="2574" HPOS="1875"/>
<String CONTENT="knives." HEIGHT="23" WIDTH="115" VPOS="2574" HPOS="1893"/>
<SP HEIGHT="21" WIDTH="39" VPOS="2576" HPOS="2009"/>
<String CONTENT="See" HEIGHT="20" WIDTH="47" VPOS="2576" HPOS="2049"/>
</TextLine>
<TextLine HEIGHT="29" WIDTH="183" VPOS="2602" HPOS="1618">
<String CONTENT="GALLO," HEIGHT="29" WIDTH="97" VPOS="2602" HPOS="1618"/>
<SP HEIGHT="25" WIDTH="20" VPOS="2606" HPOS="1716"/>
<String CONTENT="MAX." HEIGHT="23" WIDTH="64" VPOS="2604" HPOS="1737"/>
</TextLine>
<TextLine HEIGHT="30" WIDTH="544" VPOS="2639" HPOS="1590" CS="1">
<String CONTENT="Nothing" HEIGHT="28" WIDTH="118" VPOS="2640" HPOS="1590"/>
<SP HEIGHT="20" WIDTH="18" VPOS="2648" HPOS="1709"/>
<String CONTENT="ever" HEIGHT="15" WIDTH="66" VPOS="2648" HPOS="1728"/>
<SP HEIGHT="20" WIDTH="17" VPOS="2643" HPOS="1795"/>
<String CONTENT="happens." HEIGHT="26" WIDTH="131" VPOS="2642" HPOS="1813"/>
<SP HEIGHT="20" WIDTH="39" VPOS="2642" HPOS="1945"/>
<String CONTENT="See" HEIGHT="20" WIDTH="49" VPOS="2642" HPOS="1985"/>
<SP HEIGHT="21" WIDTH="17" VPOS="2642" HPOS="2035"/>
<String CONTENT="BERG," HEIGHT="26" WIDTH="81" VPOS="2642" HPOS="2053"/>
</TextLine>
<TextLine HEIGHT="22" WIDTH="199" VPOS="2671" HPOS="1624">
<String CONTENT="JEAN" HEIGHT="21" WIDTH="68" VPOS="2671" HPOS="1624"/>
<SP HEIGHT="21" WIDTH="15" VPOS="2671" HPOS="1693"/>
<String CONTENT="HORTON." HEIGHT="21" WIDTH="114" VPOS="2672" HPOS="1709"/>
</TextLine>
<TextLine HEIGHT="30" WIDTH="595" VPOS="2709" HPOS="1600">
<String CONTENT="Ocular" HEIGHT="22" WIDTH="100" VPOS="2710" HPOS="1600"/>
<SP HEIGHT="20" WIDTH="17" VPOS="2712" HPOS="1700"/>
<String CONTENT="histology." HEIGHT="26" WIDTH="168" VPOS="2711" HPOS="1717"/>
<SP HEIGHT="21" WIDTH="41" VPOS="2711" HPOS="1885"/>
<String CONTENT="See" HEIGHT="21" WIDTH="49" VPOS="2711" HPOS="1926"/>
<SP HEIGHT="21" WIDTH="19" VPOS="2712" HPOS="1975"/>
<String CONTENT="FINE," HEIGHT="27" WIDTH="82" VPOS="2711" HPOS="1994"/>
<SP HEIGHT="26" WIDTH="21" VPOS="2712" HPOS="2076"/>
<String CONTENT="BEN" HEIGHT="20" WIDTH="52" VPOS="2712" HPOS="2097"/>
<SP HEIGHT="20" WIDTH="18" VPOS="2712" HPOS="2149"/>
<String CONTENT="S." HEIGHT="20" WIDTH="28" VPOS="2712" HPOS="2167"/>
</TextLine>
<TextLine HEIGHT="29" WIDTH="610" VPOS="2747" HPOS="1601">
<String CONTENT="One" HEIGHT="21" WIDTH="47" VPOS="2750" HPOS="1601"/>
<SP HEIGHT="14" WIDTH="18" VPOS="2756" HPOS="1649"/>
<String CONTENT="or" HEIGHT="14" WIDTH="33" VPOS="2757" HPOS="1668"/>
<SP HEIGHT="14" WIDTH="16" VPOS="2757" HPOS="1702"/>
<String CONTENT="many." HEIGHT="21" WIDTH="80" VPOS="2755" HPOS="1719"/>
<SP HEIGHT="20" WIDTH="39" VPOS="2750" HPOS="1800"/>
<String CONTENT="See" HEIGHT="21" WIDTH="49" VPOS="2749" HPOS="1840"/>
<SP HEIGHT="20" WIDTH="17" VPOS="2749" HPOS="1890"/>
<String CONTENT="BERG," HEIGHT="25" WIDTH="81" VPOS="2749" HPOS="1908"/>
<SP HEIGHT="26" WIDTH="20" VPOS="2748" HPOS="1990"/>
<String CONTENT="JEAN" HEIGHT="22" WIDTH="68" VPOS="2747" HPOS="2011"/>
<SP HEIGHT="21" WIDTH="16" VPOS="2748" HPOS="2080"/>
<String CONTENT="HORTON." HEIGHT="22" WIDTH="114" VPOS="2747" HPOS="2097"/>
</TextLine>
<TextLine HEIGHT="26" WIDTH="613" VPOS="2790" HPOS="1603">
<String CONTENT="Philosophy," HEIGHT="25" WIDTH="182" VPOS="2791" HPOS="1603"/>
<SP HEIGHT="24" WIDTH="22" VPOS="2792" HPOS="1786"/>
<String CONTENT="technology," HEIGHT="25" WIDTH="182" VPOS="2791" HPOS="1809"/>
<SP HEIGHT="18" WIDTH="21" VPOS="2796" HPOS="1992"/>
<String CONTENT="and" HEIGHT="18" WIDTH="50" VPOS="2791" HPOS="2014"/>
<SP HEIGHT="18" WIDTH="18" VPOS="2791" HPOS="2065"/>
<String CONTENT="the" HEIGHT="19" WIDTH="47" VPOS="2791" HPOS="2084"/>
<SP HEIGHT="15" WIDTH="18" VPOS="2795" HPOS="2132"/>
<String CONTENT="arts" HEIGHT="19" WIDTH="65" VPOS="2791" HPOS="2151"/>
</TextLine>
<TextLine HEIGHT="26" WIDTH="495" VPOS="2819" HPOS="1636">
<String CONTENT="in" HEIGHT="19" WIDTH="33" VPOS="2820" HPOS="1636"/>
<SP HEIGHT="18" WIDTH="17" VPOS="2821" HPOS="1670"/>
<String CONTENT="the" HEIGHT="19" WIDTH="48" VPOS="2821" HPOS="1688"/>
<SP HEIGHT="15" WIDTH="20" VPOS="2826" HPOS="1737"/>
<String CONTENT="early" HEIGHT="24" WIDTH="82" VPOS="2821" HPOS="1758"/>
<SP HEIGHT="20" WIDTH="17" VPOS="2825" HPOS="1841"/>
<String CONTENT="modern" HEIGHT="19" WIDTH="102" VPOS="2820" HPOS="1859"/>
<SP HEIGHT="15" WIDTH="18" VPOS="2824" HPOS="1962"/>
<String CONTENT="era." HEIGHT="16" WIDTH="60" VPOS="2824" HPOS="1981"/>
<SP HEIGHT="19" WIDTH="40" VPOS="2821" HPOS="2042"/>
<String CONTENT="See" HEIGHT="19" WIDTH="48" VPOS="2821" HPOS="2083"/>
</TextLine>
<TextLine HEIGHT="27" WIDTH="216" VPOS="2849" HPOS="1636">
<String CONTENT="ROSSI," HEIGHT="26" WIDTH="97" VPOS="2850" HPOS="1636"/>
<SP HEIGHT="25" WIDTH="22" VPOS="2851" HPOS="1734"/>
<String CONTENT="PAOLO." HEIGHT="22" WIDTH="95" VPOS="2849" HPOS="1757"/>
</TextLine>
</TextBlock>
</PrintSpace>
</Page>
</Layout>
</alto>