2358 3325
135 128 57 24 3672

163 233 153 25 Governing
335 233 48 22 the
403 234 101 21 London
524 234 113 26 region:
200 230 595 57 reorganization
318 262 50 21 and
386 262 135 27 planning
544 262 31 20 in
594 263 47 20 the
663 258 111 29 1960’s.

199 290 48 22 See
266 290 97 27 FOLEY,
387 290 102 22 DONALD
506 291 29 21 L.

164 328 100 24 Ground
283 333 83 21 lease
385 332 148 28 practice.
576 332 48 24 See
644 334 131 28 GRENERT,

198 360 101 22 GERALD
318 362 28 22 T.

171 396 187 23 Information
377 401 49 19 and
446 401 135 23 behavior
602 404 31 20 in
652 409 14 15 a
687 405 65 22 Sikh

204 426 132 26 village:
360 429 99 21 social
479 432 205 25 organization
205 435 581 45 reconsidered.
375 458 48 20 See
444 459 80 27 LEAF,
547 461 102 22 MURRAY
666 463 29 20 J.

172 489 66 22 Jean
256 490 80 25 Vigo.
377 491 48 20 See
446 491 99 21 SALLES
565 492 99 27 GOMES,
686 494 28 21 P.
735 495 31 21 E.

169 532 84 21 Latin
274 532 168 22 rhetorical
463 535 99 25 theory
583 536 31 20 in
204 532 496 53 thirteenth
323 562 49 21 and
392 563 170 21 fourteenth
581 565 119 25 century

203 588 130 22 Castile.
373 591 49 20 See
443 590 166 29 FAULHABER,
632 593 131 23 CHARLES.

172 629 83 27 Light
276 631 48 20 and
346 632 133 21 electron
500 632 185 26 microscopic

208 659 115 21 studies
345 661 32 19 of
395 660 152 22 Ascobolus
569 662 232 22 sterocorarius.

206 687 49 22 See
273 688 100 28 WELLS,
395 690 133 22 KENNETH.

172 719 83 24 Mao's
275 728 63 20 way.
379 724 49 21 See
449 726 79 28 RICE,
551 728 101 22 EDWARD
670 730 29 20 E.

173 764 49 21 The
243 764 82 22 masks
347 767 30 19 of
396 766 69 26 King
483 767 79 20 Lear.
603 768 49 20 See

207 793 167 28 ROSENBERG,
395 794 116 23 MARVIN.

174 828 47 20 The
241 828 119 26 meaning
380 830 32 20 of
432 830 133 21 criminal
587 831 147 26 insanity.

208 856 47 21 See
277 856 183 29 FINGARETTE,
484 858 131 23 HERBERT.

174 895 66 22 Mind
260 897 49 19 and
329 897 148 27 politics.
519 899 47 20 See
586 901 80 25 WOOD,
691 901 83 21 ELLEN

207 924 150 23 MEIKSINS.

174 955 118 21 Miocene
313 957 253 26 desmatophocinae
592 958 159 32 (Mammalia:

210 984 165 30 carnivora)
398 988 67 21 from
485 990 181 22 California.
708 993 47 20 See

210 1014 113 27 BARNES,
347 1016 134 22 LAWRENCE
501 1020 27 19 G.

178 1049 103 21 Modern
298 1054 83 17 verse
402 1051 69 21 from
488 1051 114 23 Taiwan.
643 1053 48 21 See

213 1078 150 28 PALANDRI,
384 1080 102 22 ANGELA
505 1081 28 21 C.
556 1082 29 21 Y.
607 1083 81 20 JUNG.

178 1114 117 22 Mukat’s
316 1117 113 25 people.
471 1118 48 20 See
540 1118 80 27 BEAN,
643 1120 102 22 LOWELL

213 1144 79 22 JOHN.

177 1180 84 21 North
280 1181 49 20 for
349 1182 49 20 the
418 1181 96 27 trade,
538 1182 48 21 the
607 1182 65 21 life
692 1183 16 20 &

212 1209 81 21 times
315 1210 31 21 of
367 1215 14 15 a
402 1210 100 21 Berber
520 1211 147 21 merchant.
710 1212 47 20 See

210 1237 168 28 WATERBURY,
400 1239 80 21 JOHN.

178 1275 62 22 OSS:
265 1276 49 20 the
335 1277 98 20 secret
455 1278 115 24 history
590 1279 33 20 of
641 1279 152 21 America's

214 1305 82 20 first
316 1305 116 21 central
455 1306 200 26 intelligence
676 1311 113 22 agency.

213 1333 49 20 See
281 1333 98 27 SMITH,
400 1334 29 20 R.
454 1333 112 22 HARRIS.

179 1367 50 20 The
250 1368 98 21 occult
371 1368 132 21 sciences
525 1369 30 19 in
576 1370 47 20 the
217 1366 525 54 Renaissance.
352 1397 48 18 See
419 1396 150 26 SHUMAKER,
589 1397 98 21 WAYNE.

173 1429 49 21 The
244 1430 180 26 Pampangans:
449 1430 134 23 colonial
604 1431 115 26 society
741 1433 29 19 in

209 1462 14 16 a
244 1459 167 26 Philippine
433 1460 147 26 province.
621 1460 48 21 See
690 1460 113 26 LARKIN,

208 1487 69 22 JOHN
296 1487 27 21 A.

176 1521 134 22 Personal
331 1520 169 26 bankruptcy
518 1521 51 19 and
587 1525 65 20 wage
672 1523 101 17 earner

210 1551 97 25 plans.
348 1552 45 20 See
415 1551 81 25 GILL,
518 1550 85 21 DAVID
622 1549 28 21 A.

172 1587 84 21 Petri
274 1586 132 23 Diaconi:
430 1585 81 22 Ortus
533 1587 30 19 et
586 1587 65 20 vita
671 1586 135 21 iustorum

208 1614 116 23 cenobii
345 1615 182 22 Casinensis.
567 1615 49 21 See
636 1615 98 21 PETRUS

205 1644 150 23 DIACONUS.

175 1675 49 21 The
244 1676 133 26 politics
398 1677 31 19 of
449 1677 101 21 German
569 1678 235 26 Protestantism,

210 1704 47 21 the
278 1704 65 21 rise
365 1705 31 21 of
415 1706 48 20 the
484 1706 169 22 Protestant
673 1707 101 21 Church

211 1732 81 22 elite
313 1734 33 20 in
363 1734 133 26 Prussia,
589 1731 95 25 1815-1848.
725 1737 47 19 See

209 1761 115 26 BIGLER,
345 1763 103 20 ROBERT
464 1764 32 20 M.

187 1795 200 28 Populations.
427 1796 48 21 See
496 1796 118 22 SCIENCE
635 1796 170 23 CURRICULUM

223 1826 185 22 IMPROVEMENT
428 1826 97 22 STUDY.

182 1861 197 29 Proceedings.
422 1863 48 23 See
490 1864 137 24 BERKELEY
645 1866 154 24 SYMPOSIUM

215 1893 34 21 ON
265 1893 207 24 MATHEMATICAL
489 1896 170 23 STATISTICS
676 1899 52 21 AND

215 1922 200 28 PROBABILITY,
437 1920 64 30 6TH,
523 1925 172 23 UNIVERSITY
712 1928 32 20 OF

215 1950 183 28 CALIFORNIA,
419 1952 69 25 1970
506 1953 17 20 &
541 1954 78 25 1971.

184 1986 117 22 Protest
322 1989 46 21 and
390 1990 168 22 resistance
581 1993 31 20 in
629 1992 101 27 Angola
750 1995 49 20 and

218 2016 114 22 Brazil.
372 2017 48 21 See
441 2018 149 28 CHILCOTE,
612 2020 102 23 RONALD
731 2023 47 25 H.,
801 2024 44 20 ed.

182 2053 135 22 Relative
336 2056 135 26 position
491 2058 48 20 and
559 2059 115 21 motion.
715 2060 46 22 See

218 2083 117 23 SCIENCE
353 2084 172 24 CURRICULUM
544 2086 184 24 IMPROVEMENT
219 2112 95 21 STUDY.

183 2142 17 23 A
220 2146 133 21 revision
374 2146 31 21 of
425 2147 48 20 the
492 2146 51 22 New
559 2146 86 22 World
666 2148 115 25 species

220 2175 30 19 of
270 2174 118 21 Ricinus
411 2171 196 33 (Mallophaga)
631 2177 151 24 occurring

220 2209 32 14 on
270 2204 186 22 Passiformes
480 2202 94 30 (Aves)
615 2206 47 19 See
681 2205 114 25 NELSON,

219 2232 119 21 BERNARD
357 2234 27 20 C.

179 2261 50 22 The
250 2264 166 22 rhetorical
437 2266 67 21 form
523 2267 32 20 of
575 2268 149 27 Carlyle’s

215 2292 100 21 Sartor
336 2296 146 21 resartus.
522 2296 48 20 See
590 2298 131 26 BROOKES,

215 2322 83 20 GERRY
317 2323 27 21 H.

179 2353 85 27 Roger
283 2355 32 20 of
335 2357 164 26 Salisbury:
521 2358 120 26 Viceroy
660 2360 32 19 of

214 2384 130 26 England.
385 2386 48 19 See
452 2387 115 26 KEALEY,
589 2388 103 22 EDWARD
709 2391 28 19 J.

180 2420 148 27 Scholars,
354 2424 112 25 saints,
490 2425 47 19 and
558 2426 95 21 sufis.
695 2427 47 20 See

214 2451 115 25 KEDDIE,
351 2453 83 20 NIKKI
454 2454 46 25 R.,
523 2454 45 20 ed.

181 2485 48 20 The
251 2487 82 20 skill
352 2488 101 21 factor
473 2490 32 19 in
522 2491 150 24 politics.
711 2493 49 19 See

216 2514 131 27 BARDACH,
368 2516 114 22 EUGENE.

176 2549 83 21 Small
279 2551 102 20 mammal
400 2551 115 21 fossils
536 2553 68 20 from
623 2553 48 21 the

212 2579 118 21 Barstow
348 2579 166 26 Formation,
537 2581 181 22 California.
758 2583 49 20 See

211 2608 132 26 LINDSAY,
364 2609 122 21 EVERETT
502 2610 29 21 H.

176 2648 204 28 Stratigraphy
400 2650 30 19 of
451 2651 48 20 the
519 2650 151 22 Punchbowl

211 2679 153 21 Formation
382 2679 85 26 Cajon
485 2680 114 26 Valley,
624 2681 132 20 southern

212 2707 181 22 California.
434 2708 48 20 See
501 2708 167 26 WOODBURNE,
209 2735 121 22 MICHAEL
369 2751 7 6 O.

175 2762 100 21 Stuart
296 2765 49 20 and
363 2765 137 27 Georgian
516 2771 132 21 moments:
673 2772 82 22 Clark

210 2791 118 27 Library
349 2795 116 21 seminar
484 2801 100 22 papers
605 2804 32 16 on
211 2802 527 42 seventeenth
330 2824 48 19 and
399 2824 167 25 eighteenth
588 2829 117 25 century

207 2849 120 25 English
347 2851 180 24 literature.
568 2856 49 21 See
635 2858 97 23 MINER,
208 2878 79 25 EARL,
312 2880 43 20 ed.

179 2910 115 27 Systems
316 2914 133 27 analysis
471 2917 30 20 in
521 2917 99 25 public
641 2919 112 26 policy.

213 2943 48 19 See
280 2943 81 27 HOOS,
385 2945 48 19 IDA
452 2947 28 19 R.

919 244 119 26 Tagalog
1059 244 150 21 reference
1229 249 131 22 grammar.
1402 245 47 21 See

955 273 167 26 SCHACHTER,
1145 273 78 21 PAUL.

928 303 136 25 Teaching
1085 305 116 20 science
1222 304 32 19 in
1273 308 32 15 an
1325 303 117 22 outdoor

963 331 199 23 environment.
1203 333 49 20 See
1271 332 99 26 GROSS,
1393 331 131 22 PHYLLIS.

935 364 85 26 Tseng
1037 365 152 23 Kuo-fan’s
1211 368 117 25 private
1349 370 200 26 bureaucracy.

970 395 48 20 See
1040 394 113 28 PORTER,
1176 395 150 24 JONATHAN.

936 426 135 22 Violence
1092 427 48 21 and
1161 428 82 20 civil
1265 428 135 21 disorder
1421 428 31 22 in

973 456 116 21 Italian
1108 456 114 27 cities,
1246 455 164 27 1200-1500.
1452 458 48 20 See

969 483 151 29 MARTINES,
1142 485 99 27 LAURO,
1264 486 44 21 ed.

940 518 29 23 W.
993 521 28 20 B.
1045 522 96 26 Yeats,
1166 524 66 20 self
1252 524 112 26 critic,
1389 531 15 14 a
1424 527 83 25 study
1527 529 31 20 of

976 550 47 20 his
1044 551 85 26 early
1146 556 98 22 verse,
1267 553 63 27 and,
1354 555 48 19 The
1423 556 84 21 later

975 579 112 26 poetry.
1130 581 48 19 See
1199 582 164 28 PARKINSON,
1388 584 114 23 THOMAS.

941 613 206 27 Wittgenstein
1167 616 48 20 and
1237 616 131 27 justice.
1407 619 50 20 See

978 644 115 27 PITKIN,
1116 646 83 21 HANNA
1218 647 151 22 FENICHEL.

941 680 87 21 World
1046 681 219 27 urbanization,
1306 684 147 26 1950-1970.
1492 685 50 21 See

976 710 99 26 DAVIS,
1097 711 149 22 KINGSLEY.

892 747 171 23 UNIVERSITY
1082 749 33 20 OF
1134 748 183 22 CALIFORNIA.
1358 750 131 22 REGENTS,
928 776 48 22 See

925 805 155 23 ANAEROBIC
1099 806 207 23 BACTERIOLOGY
1322 808 116 22 MANUAL.

936 843 170 23 ATTORNEY'S
1125 845 85 21 GUIDE
1228 845 32 20 TO
1280 844 101 22 FAMILY
1401 845 50 21 LAW

971 874 49 20 ACT
1040 873 149 23 PRACTICE.

932 906 188 23 FRANCHISING
1139 907 217 23 DEVELOPMENTS.

935 944 202 23 INTERMEDIUM.

931 977 190 23 STATISTICAL
1138 978 136 21 ABSTRACT
1292 979 34 21 OF
1346 979 83 21 LATIN

966 1007 132 27 AMERICA,
1123 1006 77 26 1970.

930 1039 120 23 STEROID
1067 1041 137 21 HORMONES
1223 1042 51 20 AND
1291 1042 87 21 BRAIN
1395 1042 149 22 FUNCTION.

934 1084 173 23 UNIVERSITY
1124 1086 34 21 OF
1177 1086 183 28 CALIFORNIA,
1383 1089 98 26 DAVIS,
971 1114 48 21 LAW
1038 1114 115 22 REVIEW.

939 1149 115 23 VIATOR:
1075 1153 139 22 MEDIEVAL
1231 1155 51 21 AND
1297 1156 192 25 RENAISSANCE

972 1179 133 23 STUDIES.

882 1225 174 23 UNIVERSITY
1073 1228 33 21 OF
1124 1227 184 29 CALIFORNIA,
1331 1230 166 23 RIVERSIDE.

916 1255 168 23 EXTENSION.

917 1285 68 20 Team
1003 1285 136 25 training
1159 1286 49 21 for
1227 1287 152 25 community
1399 1289 113 24 change:

952 1314 148 26 concepts,
1123 1315 98 26 goals,
1246 1315 181 28 strategies,
1451 1318 48 20 and

954 1342 112 22 skills.
1107 1343 47 21 See
1175 1343 304 29 SCHINDLER-RAINMAN,
951 1371 63 21 EVA.

885 1425 173 22 UNIVERSITY
1075 1428 33 19 OF
1127 1426 183 28 CALIFORNIA,
1334 1427 82 22 SANTA
1436 1429 130 21 BARBARA.

920 1453 171 23 UNIVERSITY
1110 1455 131 23 LIBRARY.

921 1482 49 22 Oil
988 1483 167 26 pollution:
1180 1490 31 15 an
1231 1484 222 27 index-catalog
1472 1486 31 19 to
1524 1486 46 21 the

955 1512 170 21 collection
1145 1512 32 21 of
1196 1514 48 19 the
1266 1513 48 22 Oil
1334 1514 83 25 Spill
955 1511 598 55 Information
1039 1541 114 21 Center.
1195 1542 101 21 Robert
1314 1544 29 21 W.
1366 1543 114 26 Holmes,

955 1569 99 21 editor
1075 1571 33 20 in
1126 1570 97 21 chief.
1264 1566 15 25 4
1298 1576 27 16 v.
1365 1572 19 19 ©
1401 1571 171 27 University

955 1598 131 25 Library,
1108 1598 173 26 University
1299 1599 31 21 of
1350 1599 183 26 California,

955 1625 84 21 Santa
1058 1626 130 26 Barbara;
1212 1627 132 26 21Aug72;
1366 1623 131 29 A363892.

917 1660 50 21 Oil
984 1660 155 28 pollution
1158 1662 32 21 in
1210 1663 47 20 the
1279 1663 82 21 Santa
1381 1664 117 21 Barbara

951 1688 131 23 Channel:
1105 1695 17 15 a
1140 1689 221 28 comprehensive
1379 1691 207 28 bibliography

951 1716 67 21 with
1037 1716 171 28 particular
1226 1719 135 25 emphasis
1383 1724 32 15 on
1434 1720 47 20 the
1503 1720 47 21 oil

953 1745 82 25 spill
1056 1746 31 20 of
1108 1748 118 25 January
1244 1749 45 23 28,
1314 1744 66 28 1969.
1433 1748 134 27 Compiled

950 1776 17 19 &
985 1774 101 22 edited
1103 1776 36 24 by
1156 1777 53 25 Kay
1224 1776 120 22 Walstad
1364 1779 17 19 &
1396 1778 68 21 Fred
1482 1778 30 21 E.

949 1803 114 22 Hearth.
1106 1804 48 25 195
1174 1810 28 21 p.
1240 1806 20 19 ©
1277 1805 171 27 University

952 1832 130 26 Library,
1106 1833 168 25 University
1297 1834 29 21 of
1347 1835 182 25 California,

951 1860 84 21 Santa
1054 1862 131 26 Barbara;
1209 1863 131 26 21Aug72;
1363 1859 131 29 A363891.

877 1907 172 24 UNIVERSITY
1067 1911 32 22 OF
1119 1911 67 23 CAPE
1204 1913 81 28 TOWN,
1308 1915 67 22 CAPE
1394 1916 79 28 TOWN,
911 1938 86 22 SOUTH
1014 1939 116 24 AFRICA.

911 1968 48 21 The
981 1974 100 21 genera
1102 1971 31 20 of
1154 1972 47 21 the
1221 1975 337 27 Mesembryanthemaceae.

946 1998 48 21 See
1013 1999 99 27 HERRE,
1133 2000 31 21 A.
1188 2003 27 20 G.
1239 2003 28 21 J.

894 2054 173 25 UNIVERSITY
1087 2057 33 21 OF
1138 2057 132 22 CHICAGO.

932 2084 136 23 American
1087 2086 134 21 folklore
1242 2088 16 19 &
1277 2087 46 21 the
1344 2088 165 21 historian.

967 2115 48 20 See
1034 2115 115 26 DORSON,
1173 2115 118 22 RICHARD
1310 2118 29 20 M.

926 2148 119 26 Biology
1063 2149 49 21 and
1133 2150 165 27 knowledge:
1322 2157 32 15 an
1374 2156 82 21 essay
1476 2158 33 15 on

961 2179 47 19 the
1030 2178 151 22 relations
1202 2181 118 21 between
1339 2181 116 27 organic

962 2208 184 25 regulations
1167 2209 49 21 and
1237 2210 151 26 cognitive
962 2212 493 48 processes.
1116 2237 48 19 See
1186 2238 113 26 PIAGET,
1323 2237 79 21 JEAN.

923 2264 50 20 The
993 2264 152 21 Christian
1164 2265 166 22 tradition.
1371 2266 47 19 See

958 2293 132 27 PELIKAN,
1113 2294 148 22 JAROSLAV.

924 2324 16 22 A
960 2327 185 25 comparative
1168 2329 81 25 study
1269 2330 32 20 of
1321 2331 83 20 urban
1422 2337 66 16 news

961 2355 151 25 reporting
1135 2353 46 31 (of
1201 2358 117 25 Chicago
1338 2359 83 25 daily
957 2360 548 54 newspapers)

1113 2385 49 19 See
1181 2386 149 27 GREENLEE,
1353 2387 103 22 ROBERT
1472 2389 30 21 D.

927 2411 135 24 Contexts
1084 2415 32 21 of
1134 2416 135 22 Canadian
1289 2417 166 24 criticism.
1495 2421 49 22 See

962 2442 115 28 MANDEL,
1099 2445 64 21 ELI.

925 2470 49 22 The
995 2471 134 22 criminal
1150 2473 48 21 law
1218 2480 30 14 as
1269 2479 102 16 vacuum
1390 2477 131 21 cleaner:

958 2498 204 22 misdemeanors
1182 2503 50 19 and
1251 2502 152 22 ordinance
960 2501 546 51 violations
1062 2530 34 19 in
1114 2530 66 22 Cook
1199 2531 114 26 County.
1353 2533 49 20 See
1422 2535 81 26 COOK,

959 2558 118 21 HERBERT
1097 2560 45 25 S.,
1165 2560 46 21 JR.

932 2589 135 23 Critical
1088 2592 47 20 and
1156 2592 169 23 historical
1344 2595 168 25 principles

967 2621 32 19 of
1018 2620 135 25 literary
1171 2621 132 27 history.
1344 2624 49 20 See
1411 2623 99 27 CRANE,
966 2649 27 21 R.
1018 2649 27 21 S.

930 2681 169 24 Democratic
1118 2684 137 22 humanism
1274 2687 49 20 and
1342 2686 135 23 American

966 2712 181 22 literature.
1189 2716 47 18 See
1256 2714 114 29 KAPLAN,
1393 2716 115 23 HAROLD.

928 2747 103 22 Dental
1047 2748 174 28 morphology
1240 2751 46 19 and
1308 2752 164 22 evolution.

963 2778 49 20 See
1031 2778 151 28 DAHLBERG,
1204 2779 101 23 ALBERT
1324 2782 46 25 A.,
1393 2782 44 21 ed.

929 2813 222 27 Disconcerting
1171 2816 97 21 issue:
1289 2817 120 25 meaning
1429 2820 47 18 and

966 2844 133 25 struggle
1120 2844 31 21 in
1172 2850 14 15 a
1207 2846 148 21 resettled
1376 2847 117 21 Pacific

965 2873 164 25 community.
1170 2874 48 21 See
1239 2874 164 27 SILVERMAN,

963 2900 102 22 MARTIN
1083 2903 29 19 G.

929 2933 83 25 Doing
1032 2934 165 22 fieldwork.
1237 2936 47 20 See
1305 2937 65 25 WAX,
1390 2937 119 21 ROSALIE
1529 2939 28 20 H.

1664 252 117 21 Drawers
1804 254 32 19 of
1853 252 99 22 water.
1991 251 49 21 See
2059 251 97 27 WHITE,
1700 281 119 22 GILBERT
1838 281 29 21 F.

1664 315 49 22 The
1733 316 134 26 dynamics
1887 317 34 21 of
1939 318 198 24 bureaucracy.
2178 318 49 21 See
1697 345 81 26 BLAU,
1801 347 85 20 PETER
1903 347 29 21 M.

1674 380 134 26 Dynamics
1830 383 30 19 of
1880 383 118 20 nuclear
2019 384 145 22 reactors.
2204 385 52 21 See
1707 410 133 27 HETRICK,
1862 411 85 22 DAVID
1966 414 27 19 L.

1683 442 50 23 The
1754 446 134 21 economic
1907 448 120 26 history
2046 452 32 19 of
2097 453 78 26 Iran,
1719 446 563 55 1800-1914.
1838 475 49 21 See
1908 477 114 27 ISSAWI,
2045 480 129 28 CHARLES,
2198 483 45 20 ed.

1681 508 48 18 The
1750 509 151 19 economics
1922 511 30 19 of
1973 510 250 26 discrimination.

1716 534 48 20 See
1784 535 114 28 BECKER,
1921 538 69 21 GARY
2007 539 27 21 S.

1682 566 120 26 English
1822 569 166 23 literature
2010 572 49 21 and
2077 574 120 22 British

1717 596 183 28 philosophy.
1940 601 47 20 See
2008 602 166 29 ROSENBAUM,
2197 605 29 22 S.
2249 607 28 21 P.

1686 632 169 22 Enserfment
1877 634 46 21 and
1942 635 137 27 military
2099 637 98 26 change
2218 638 32 20 in

1719 661 133 27 Muscovy.
1892 663 49 22 See
1961 665 114 27 HELLIE,
2098 666 131 23 RICHARD.

1691 693 185 23 Excavations
1897 696 34 21 in
1949 698 48 20 the
2016 698 86 22 Plain
2120 700 31 20 of

1724 724 131 21 Antioch.
1896 726 49 21 See
1964 727 116 28 HAINES,
2102 729 117 23 RICHARD
2239 732 29 20 C.

1684 762 48 20 The
1752 762 154 26 expansion
1926 765 31 20 of
1975 765 134 26 England.
2149 767 46 21 See
2217 768 112 28 SEELEY,

1720 790 49 21 SIR
1788 792 68 20 JOHN
1873 792 115 22 ROBERT.

1685 825 118 26 Faraday
1822 831 31 16 as
1874 831 15 15 a
1909 830 117 19 natural
2047 831 197 27 philosopher.

1720 852 47 22 See
1788 854 115 27 AGASSI,
1925 857 114 23 JOSEPH.

1674 888 99 20 Fields
1794 890 49 19 and
1864 889 95 26 rings.
2000 890 49 22 See
2069 890 165 29 KAPLANSKY,

1709 917 113 23 IRVING.

1674 950 170 22 Functional
1864 951 133 26 analysis
2019 953 32 21 in
2068 954 204 22 mathematical

1710 979 164 21 economics:
1899 979 204 27 optimization
2121 987 65 16 over

1710 1007 134 21 infinite
1863 1008 149 21 horizons.
2053 1011 48 20 See
2121 1011 113 25 TELSER,

1710 1036 101 21 LESTER
1829 1038 27 20 G.

1685 1067 84 25 Georg
1788 1069 101 20 Simmel
1910 1076 30 15 on
1961 1071 219 28 individuality
2201 1075 47 20 and

1720 1097 100 21 social
1841 1098 96 22 forms.
1978 1100 47 21 See
2046 1102 114 28 SIMMEL,
2182 1104 98 22 GEORG.

1683 1131 84 20 Ghana
1786 1132 49 21 and
1855 1133 46 20 the
1923 1136 84 24 Ivory
2027 1136 96 21 Coast.
2163 1139 46 20 See

1715 1161 116 28 FOSTER,
1855 1163 114 22 PHILIP.

1675 1199 119 26 Gravity
1814 1199 48 21 and
1882 1200 47 21 the
1952 1201 148 26 organism.
2139 1203 47 20 See

1711 1228 152 22 SYMPOSIUM
1885 1230 29 21 ON
1935 1230 118 22 GRAVITY
2072 1232 49 19 AND
2139 1232 49 21 THE
1711 1229 582 58 ORGANISM,
1797 1258 134 21 STERLING
1951 1259 116 27 FOREST,
2090 1257 62 28 1967.

1675 1296 113 21 Greece.
1828 1298 50 20 See
1897 1298 185 29 HOELDERLIN,
2103 1301 166 22 FRIEDRICH.

1682 1339 27 20 H.
1732 1339 28 20 L.
1783 1338 132 23 Mencken:
1939 1340 168 22 iconoclast
2127 1341 67 21 from
1716 1338 580 55 Baltimore.
1837 1368 47 21 See
1906 1369 165 27 STENERSON,
2094 1370 116 21 DOUGLAS
2230 1371 28 20 C.

1681 1403 102 20 Health
1801 1408 79 16 care:
1905 1408 49 16 can
1973 1404 82 22 there
2074 1406 33 19 be
2126 1404 113 27 equity.

1714 1432 48 21 See
1782 1432 151 28 ANDERSON,
1955 1434 67 20 ODIN
2039 1434 148 22 WALDEMAR.

1682 1468 182 27 Heidelberg.
1905 1470 48 21 See
1975 1471 182 28 HOELDERLIN,

1717 1499 166 21 FRIEDRICH.

1682 1531 48 20 The
1753 1531 117 27 history
1889 1534 33 21 of
1940 1536 48 20 the
2009 1541 101 17 common
2129 1539 50 21 law
2197 1540 32 21 of

1715 1560 132 26 England.
1888 1563 47 21 See
1957 1565 81 28 HALE,
2061 1567 48 21 SIR
2125 1568 134 22 MATTHEW.

1687 1596 119 26 Housing
1826 1597 200 24 abandonment:
2048 1601 134 21 national

1722 1625 99 21 crisis
1843 1631 32 15 or
1893 1627 118 21 natural
2031 1634 130 22 process.
2203 1632 47 20 See

1719 1653 116 28 TAYLOR,
1857 1655 86 22 DAVID
1960 1657 30 22 V.
2012 1658 30 21 N.

1681 1691 51 20 How
1751 1692 49 21 the
1819 1697 82 21 press
1923 1695 116 20 covered
2061 1696 47 20 the
2128 1696 83 21 first

1714 1721 138 21 National
1870 1722 86 21 Black
1974 1723 151 21 Political
1717 1723 528 50 Convention.
1837 1750 48 21 See
1904 1751 132 28 KAIGHIN,
2060 1754 67 19 ABBY
2144 1754 29 21 S.

1678 1779 67 25 Hyde
1764 1779 219 30 Park/Kenwood:
2006 1786 16 15 a
2040 1788 64 15 case
2125 1783 84 26 study
2228 1784 33 19 of

1713 1809 84 21 urban
1819 1810 127 22 renewal.
1987 1811 49 21 See
2056 1812 97 27 PRESS,
2174 1813 132 22 VALETTA.

1683 1838 184 22 Illustrious
1890 1841 180 26 immigrants:
2095 1844 47 19 the
1718 1841 578 51 intellectual

1801 1869 154 25 migration
1975 1870 67 21 from
2058 1871 115 27 Europe,
1714 1869 565 50 1930-41.
1801 1897 49 20 See
1869 1897 98 27 FERMI,
1990 1899 96 21 LAURA.

1682 1924 49 20 The
1751 1924 100 27 impact
1871 1928 32 19 of
1922 1929 118 27 growing
2060 1932 118 22 citizen

1716 1957 152 19 awareness
1888 1957 34 20 of
1939 1959 85 20 urban
2041 1961 134 26 problems
2196 1963 32 22 in

1717 1980 47 21 the
1785 1983 65 25 1971
1872 1984 149 23 elections
2043 1989 32 20 in
1715 1986 529 48 Metropolitan
1782 2013 115 20 Manila.
1937 2016 50 20 See
2007 2017 114 28 CHANCO,

1714 2040 84 22 PEDRO
1816 2043 47 27 A.,
1886 2044 63 22 III.

1683 2075 187 26 Integrative
1891 2078 184 26 development
2095 2081 32 20 of
2147 2083 83 20 brain
2250 2084 48 20 and

1720 2103 132 22 behavior
1873 2105 32 21 in
1923 2107 49 20 the
1993 2107 62 27 dog.
2096 2109 47 20 See
2161 2111 65 26 FOX,

1714 2132 122 22 MICHAEL
1851 2134 31 20 W.

1679 2165 78 20 Iran:
1780 2167 135 21 economic
1936 2169 186 26 development
2139 2172 84 21 under

1714 2193 150 23 dualistic
1885 2197 182 23 conditions.
2107 2200 46 21 See

1713 2223 149 28 AMUZEGAR,
1885 2226 148 23 JAHANGIR.

1677 2259 66 22 It’s
1762 2261 50 21 not
1832 2261 66 25 just
1916 2264 51 19 how
1984 2263 82 27 much,
2089 2263 64 23 it’s
2172 2266 64 20 how:

1710 2290 118 22 Federal
1850 2290 133 27 spending
2003 2293 48 20 and
2072 2293 48 21 the
2137 2293 85 22 urban

1711 2320 114 22 crisis.
1865 2322 50 21 See
1934 2324 97 27 ROWAN,
2053 2325 80 21 FORD.

1675 2354 133 26 Japanese
1830 2356 48 21 and
1899 2357 46 21 the
1968 2358 82 21 other
2070 2360 98 22 Altaic
1708 2358 531 55 languages.
1862 2386 48 21 See
1929 2388 119 26 MILLER,
2068 2389 52 21 ROY
2137 2390 115 22 ANDREW.

1669 2420 169 27 Managerial
1858 2424 183 27 psychology.
2081 2427 47 20 See
2149 2428 131 29 LEAVITT,

1704 2449 102 23 HAROLD
1825 2454 27 19 J.

1669 2487 135 26 Marriage
1825 2490 165 25 stability,
2014 2493 129 25 divorce,
2165 2494 49 20 and
2234 2494 49 21 the

1705 2517 60 20 law.
1807 2518 47 20 See
1876 2518 181 29 RHEINSTEIN,
2079 2520 61 22 MAX.

1671 2554 134 22 Milton’s
1825 2556 137 25 pastoral
1982 2557 112 22 vision:
2118 2564 32 15 an
1706 2561 493 51 approach
1827 2586 31 18 to
1878 2585 135 21 Paradise
2034 2587 77 20 lost.
2151 2589 48 19 See

1705 2612 98 26 KNOTT,
1826 2613 68 21 JOHN
1911 2615 46 26 R.,
1979 2615 45 21 JR.

1676 2647 138 22 Mountain
1832 2647 96 26 sheep.
1968 2647 49 20 See
2037 2647 96 26 GEIST,
2154 2646 148 23 VALERIUS.

1677 2685 32 20 On
1726 2684 170 21 historical
1917 2685 47 20 and
1986 2683 149 27 political
2157 2685 129 25 knowing:

1711 2718 32 14 an
1764 2712 116 26 inquiry
1901 2715 65 19 into
1986 2718 64 16 some
2071 2714 132 25 problems
2225 2714 30 19 of

1710 2742 152 21 universal
1883 2743 47 20 law
1949 2745 17 18 &
1983 2743 86 20 human
2087 2743 131 20 freedom.

1710 2771 47 20 See
1778 2771 116 26 KAPLAN,
1914 2772 102 21 MORTON
2035 2774 28 19 A.

1683 2815 33 20 On
1735 2815 164 25 sociology:
1922 2821 81 20 pure,
2026 2816 128 30 applied,
2179 2817 49 19 and

1718 2843 164 26 empirical.
1923 2846 49 18 See
1992 2844 146 26 TOENNIES,
1717 2873 164 22 FERDINAND.

1683 2917 33 21 On
1733 2917 133 26 writing,
1889 2917 131 28 editing,
2043 2918 47 21 and
2111 2917 180 28 publishing.

1719 2945 47 21 See
1786 2946 114 27 BARZUN,
1923 2947 131 25 JACQUES.
