2358 3325
2171 132 56 26 3671

69 232 173 25 UNIVERSITE
262 234 84 23 LIBRE
363 236 34 21 BE
416 234 166 25 BRUXELLES.

108 264 134 22 INSTITUT
260 264 136 23 D'ETUDES
415 266 201 22 EUROPEENNES.
657 267 49 21 See

106 295 32 20 LE
155 295 87 20 DROIT
259 295 35 20 DE
313 294 34 22 LA
364 295 171 22 COMMUNAUTE
555 296 168 25 ECONOMIQUE
139 323 185 23 EUROPEENNE.

63 372 357 28 UNIVERSITETSFORLAGET.

96 404 86 23 Atlas
202 407 33 20 of
254 407 182 25 coluoscopy.
478 407 49 21 See
545 405 133 27 KOLSTAD,
133 434 61 21 PER.

63 487 172 25 UNIVERSITY
254 490 16 20 &
289 491 118 22 COLLEGE
427 491 81 23 PRESS
531 493 32 21 OF
98 490 532 54 MISSISSIPPI.

96 548 120 27 Anatomy
237 549 31 21 of
288 550 67 21 four
375 556 64 15 race
461 552 95 20 riots.
597 554 49 19 See

129 577 138 22 WILLIAMS
274 593 7 12 ,
304 579 50 21 LEE
372 580 30 20 E.

96 612 84 21 Cielo
198 619 15 20 y
234 614 100 22 tierra
356 622 31 14 en
407 616 30 20 la
457 618 102 25 poesia
580 619 99 21 lirica
701 621 29 21 de

129 640 101 23 Manuel
249 641 219 28 Altolaguirre.
510 646 47 21 See
576 648 117 27 HARVEY,
128 670 84 22 MARIA
233 671 84 22 LUISA
335 673 131 23 ALVAREZ.

100 705 84 21 Efren
204 707 168 26 Hernandez,
394 712 16 15 a
429 709 66 25 poet
514 709 185 23 discovered.

135 735 47 20 See
206 736 113 27 HARMON,
340 738 72 20 MARY
426 738 30 21 M.

97 767 48 20 The
164 767 188 27 Mississippi
373 769 147 22 cookbook.
562 770 49 22 See

128 795 189 23 MISSISSIPPI
337 797 187 23 COOPERATIVE
543 799 156 23 EXTENSION

130 823 131 23 SERVICE.
302 825 68 21 HOME
387 826 153 22 ECONOMICS
561 827 147 23 DIVISION.

101 856 33 24 My
152 857 103 21 mother
274 858 98 21 cooked
393 863 33 20 my
444 864 50 20 way
515 859 117 26 through

134 885 118 22 Harvard
271 887 68 21 with
359 888 82 21 these
463 888 99 21 creole
584 889 130 26 recipes.

133 914 51 21 See
201 916 135 26 TILLMAN,
357 916 65 21 MRS.
441 917 119 22 WALTER.

103 950 221 21 Recollections
347 952 30 19 of
395 950 189 27 Mississippi
606 952 46 20 and

138 977 254 27 Mississippians.
433 980 48 21 See
501 981 99 27 DAVIS,
621 983 117 20 REUBEN.

64 1027 174 25 UNIVERSITY
254 1028 51 24 ART
322 1029 118 28 MUSEUM,
462 1029 150 29 BERKELEY,
101 1058 94 23 CALIF.

102 1089 80 21 Claes
203 1089 165 25 Oldenburg:
393 1090 99 25 object
514 1090 66 21 into

134 1117 148 22 monument.
325 1120 47 19 See
394 1118 166 26 OLDENBURG,
585 1119 94 21 CLAES.

52 1180 172 24 UNIVERSITY
243 1181 151 23 COMPUTING
415 1182 45 21 CO.

87 1211 101 21 Annual
206 1211 116 26 report,
347 1211 64 25 1971:
451 1212 64 20 Cost
536 1211 31 21 of
589 1211 83 24 doing

123 1239 148 21 business.
312 1241 48 20 See
379 1240 190 24 FOODSERVICE

121 1268 154 24 EQUIPMENT
294 1267 205 24 DISTRIBUTORS
518 1269 81 22 ASSN.

55 1322 171 22 UNIVERSITY
244 1323 103 22 HEALTH
366 1324 102 22 CENTER
487 1323 32 22 OF
539 1324 181 28 PITTSBURGH,

91 1351 61 20 INC.

89 1380 101 20 Manual
212 1381 48 19 for
281 1380 118 25 dietary
417 1380 183 27 management.

125 1408 135 27 Compiled
278 1409 34 25 by
331 1410 152 21 committee
504 1411 33 19 of
556 1409 167 23 dietitians

124 1437 205 28 representing
349 1439 48 20 the
416 1438 102 22 Health
538 1439 101 21 Center

124 1466 165 27 Hospitals.
332 1463 48 25 106
399 1473 28 20 p.
469 1468 79 25 Appl.
575 1469 98 20 states

124 1496 117 25 updated
263 1496 117 21 version
401 1497 31 19 of
454 1498 47 19 the
521 1497 67 21 UHCP
125 1493 564 58 dieticians'

243 1525 116 26 manual,
381 1526 69 21 with
468 1525 153 22 additions
640 1527 17 19 &
124 1554 164 21 revisions.
328 1556 20 19 ©

369 1551 197 33 (University)
590 1555 100 21 Health
124 1582 102 22 Center
243 1582 154 26 Hospitals
417 1583 32 20 of
470 1583 47 21 the
538 1582 170 27 University

123 1610 103 22 Health
246 1612 100 21 Center
366 1612 32 19 of
417 1612 80 26 Pgh.,
522 1612 78 26 Inc.;
727 1612 27 27 18Jul72;

124 1639 131 27 A359754.

60 1690 174 25 UNIVERSITY
251 1693 103 23 HEALTH
373 1695 103 23 CENTER
494 1697 34 21 OF
546 1697 184 30 PITTSBURGH,

99 1721 62 22 INC.
201 1724 102 20 HEALTH
322 1726 102 20 CENTER
442 1727 167 23 HOSPITALS.

97 1752 101 21 Manual
219 1753 50 20 for
288 1753 118 26 dietary
424 1756 185 26 management.
650 1758 49 21 See

130 1781 172 22 UNIVERSITY
320 1783 103 22 HEALTH
442 1785 102 21 CENTER
564 1787 32 20 OF
130 1783 568 58 PITTSBURGH,
252 1811 63 23 INC.

61 1866 173 23 UNIVERSITY
249 1868 154 22 MARKETING
422 1870 16 20 &
457 1869 184 26 CONSULTING,
665 1870 60 22 INC.

95 1895 100 25 Campus
216 1895 148 26 calendar,
389 1895 78 25 1972:
491 1895 171 26 University
682 1896 30 21 of

130 1922 199 28 Connecticut,
352 1924 118 22 Harvard
490 1924 184 26 University,

129 1951 171 26 University
320 1954 30 20 of
369 1954 51 20 New
440 1954 150 26 Hampshire
611 1957 16 19 &
647 1954 111 21 others.

128 1981 20 19 ©
164 1980 171 27 University
353 1982 154 24 Marketing
525 1984 16 19 &
559 1982 183 27 Consulting,

130 2010 79 25 Inc.;
232 2010 132 26 21Aug72;
387 2005 131 31 A375248.

63 2069 170 23 UNIVERSITY
251 2071 35 20 OF
304 2071 117 22 ALABAMA
443 2073 32 20 IN
493 2072 183 23 HUNTSVILLE.

97 2099 133 22 Advances
252 2101 33 19 in
305 2100 220 27 computational
545 2102 118 21 methods
685 2104 29 20 in

133 2130 167 21 structural
321 2131 151 21 mechanics
493 2132 49 19 and
562 2132 114 24 design.

131 2160 48 20 See
198 2161 103 20 UNITED
319 2161 205 22 STATES-JAPAN
544 2161 119 22 SEMINAR

130 2189 32 20 ON
182 2189 100 22 MATRIX
302 2190 118 21 METHODS
441 2192 32 19 OF
492 2190 171 22 STRUCTURAL

131 2218 134 22 ANALYSIS
285 2219 50 21 AND
355 2220 114 26 DESIGN,
492 2219 46 25 2D,
562 2220 148 26 BERKELEY,

131 2247 114 27 CALIF.,
269 2247 79 25 1972.

50 2295 171 27 UNIVERSITY
240 2301 33 21 OF
290 2298 119 25 ALABAMA
430 2301 96 23 PRESS.

83 2328 15 21 A
119 2330 119 26 catalog
258 2331 31 19 of
310 2331 48 21 the
377 2332 120 21 Yucatan
517 2332 169 23 collection

120 2363 32 15 on
170 2358 155 22 microfilm
345 2361 31 19 in
396 2360 48 21 the
464 2361 171 25 University
655 2362 31 21 of

116 2386 122 22 Alabama
257 2388 166 21 libraries.
463 2391 50 19 See
532 2389 133 27 BINGHAM,

117 2415 85 22 MARIE
221 2416 115 23 BALLEW.

82 2453 66 20 Else
166 2458 52 15 von
238 2453 49 20 der
306 2453 98 21 Tanne.
445 2453 48 20 See
512 2450 99 27 RAABE,

115 2480 122 21 WILHELM
255 2480 80 21 KARL.

83 2509 150 26 Lippmann,
257 2510 131 27 liberty,
411 2511 49 21 and
480 2512 50 20 the
549 2516 98 21 press.
687 2514 49 19 See

118 2538 114 27 LUSKIN,
256 2539 80 22 JOHN.

100 2578 170 21 Revolution
291 2578 30 21 in
343 2581 78 19 Peru:
443 2580 171 25 mariategui
633 2581 48 20 and

135 2606 48 21 the
202 2607 81 26 myth.
325 2610 47 19 See
393 2609 115 25 BAINES,
531 2610 67 21 JOHN
615 2612 30 18 M.

93 2637 99 21 Samuel
212 2637 84 21 Smith
315 2639 48 19 and
383 2638 51 21 the
452 2639 136 27 politics
610 2640 31 19 of

124 2665 152 27 business,
297 2662 155 30 1752-1839,
505 2668 48 20 See
574 2669 133 27 PANCAKE,

127 2694 66 22 JOHN
213 2696 28 21 S.

101 2722 16 20 A
136 2721 135 23 Sanskrit
291 2726 131 22 grammar.
462 2724 50 20 See
531 2723 168 28 MAYRHOFER,

134 2750 134 22 MANFRED.

101 2785 116 23 Studies
239 2791 31 16 on
292 2787 183 27 linguistics
497 2788 31 20 in
547 2789 83 20 honor
652 2790 31 20 of

134 2817 86 20 Raven
239 2817 28 20 I.
288 2816 133 26 McDavid,
446 2820 45 20 Jr.
531 2819 49 20 See

136 2845 98 27 DAVIS,
257 2847 135 21 LAWRENCE
409 2849 48 25 M.,
480 2848 45 20 ed.

98 2887 51 20 The
167 2886 99 21 viola:
289 2885 135 26 complete
443 2886 84 26 guide
548 2886 49 20 for

134 2915 133 21 teachers
289 2915 47 21 and
358 2914 147 23 students.
546 2914 50 21 See

135 2944 132 26 BARRETT,
287 2943 101 22 HENRY.

824 252 174 24 UNIVERSITY
1014 253 34 22 OF
1065 253 120 22 ALABAMA
1205 253 97 22 PRESS.
1342 254 49 21 See

858 284 52 21 THE
927 284 104 22 SECOND
1048 284 52 22 AND
1117 285 86 21 THIRD
1221 284 189 23 LINCOLNLAND
892 281 588 58 CONFERENCES
1049 315 33 21 ON
1100 313 218 25 DIALECTOLOGY.

808 360 173 27 UNIVERSITY
999 364 34 23 OF
1048 363 134 30 ALABAMA,
1205 367 184 23 UNIVERSITY.

841 392 16 21 A
879 394 117 26 catalog
1017 396 32 19 of
1068 397 48 19 the
1137 396 118 22 Yucatan
1276 397 169 22 collection

877 428 33 15 on
927 422 156 23 microfilm
1102 424 32 22 in
1154 425 49 21 the
1221 426 172 25 University
1413 427 31 21 of

874 450 122 23 Alabama
1016 453 165 21 libraries.
1222 456 48 19 See
1291 454 131 27 BINGHAM,

875 479 86 22 MARIE
980 480 115 23 BALLEW.

813 520 172 27 UNIVERSITY
1003 523 35 24 OF
1054 523 116 32 ALASKA,
1192 527 133 26 COLLEGE.
1365 529 115 25 MUSEUM.

846 553 118 22 Contact
986 556 48 20 and
1055 556 114 27 change.
1210 559 48 21 See
1278 559 98 28 ERKIN,

881 580 121 24 ANNETTE
1019 584 30 21 E.

845 620 83 21 Field
948 622 188 26 preparation
1157 623 31 20 of
1207 622 101 22 marine
879 619 532 55 specimens.

1001 650 48 21 See
1068 651 134 26 MUELLER,
1226 651 101 22 GEORGE
1345 652 29 20 J.

809 695 173 23 UNIVERSITY
1001 696 31 22 OF
1051 696 132 29 ARIZONA,
1206 699 115 22 TUCSON.
1360 700 49 21 See

844 726 131 22 ARIZONA:
1001 727 47 20 ITS
1070 728 100 21 PEOPLE
1188 729 52 20 AND
1257 729 167 21 RESOURCES.

825 782 173 23 UNIVERSITY
1015 783 34 22 OF
1067 785 169 23 CALIFORNIA
1255 786 35 22 AT
1308 789 51 20 LOS

857 811 134 23 ANGELES.
1031 814 102 21 ALUMNI
1151 815 82 22 ASSN.

858 840 49 21 The
929 841 117 27 bicycle
1068 843 78 21 book.
1188 845 47 20 See
1257 845 165 27 BOETHLING,
894 870 63 27 BOB,
980 872 45 20 ed.

812 919 171 25 UNIVERSITY
1002 920 33 24 OF
1054 921 170 26 CALIFORNIA
1243 923 34 24 AT
1295 924 49 24 LOS
846 922 551 54 ANGELES.
984 952 51 21 ART
1053 953 166 24 GALLERIES.

846 979 118 22 Gerhard
984 982 114 22 Marcks:
1124 988 15 15 a
1158 983 221 27 retrospective

881 1010 171 20 exhibition
1071 1012 152 25 organized
1242 1015 34 23 by
1296 1014 47 21 the
1363 1015 68 21 UCLA

878 1037 52 21 Art
949 1039 152 22 Galleries
1121 1041 68 21 with
1209 1043 48 20 the
880 1040 550 52 participation

966 1068 32 20 of
1018 1068 48 21 the
1087 1070 153 26 following
1260 1071 216 24 institutions:

879 1095 135 22 Portland
1035 1098 48 20 Art
1103 1099 116 26 Museum,
1243 1100 49 20 San
1312 1101 153 22 Francisco

878 1124 104 22 Museum
1002 1126 31 19 of
1051 1127 64 25 Art,
1139 1128 66 20 Fort
1224 1129 84 21 Worth
1328 1131 49 19 Art

879 1153 102 22 Center
1000 1155 48 19 and
1070 1157 113 21 others.
1224 1159 49 19 See
1291 1158 117 26 MARCKS,

877 1181 132 24 GERHARD.

801 1232 171 26 UNIVERSITY
994 1235 30 21 OF
1044 1233 171 25 CALIFORNIA
1231 1235 34 23 AT
1284 1236 50 23 LOS
1352 1237 133 23 ANGELES.

837 1266 82 21 CIVIC
940 1265 153 23 EDUCATION
1113 1267 163 22 COMMITTEE.

834 1295 67 20 Your
921 1293 100 27 rights
1041 1294 49 21 and
1110 1294 273 28 responsibilities
1403 1300 32 16 as

869 1326 33 17 an
920 1322 137 23 American
1077 1323 130 22 citizen.
1250 1324 48 21 See
1317 1325 134 27 QUIGLEY,

870 1351 118 22 CHARLES
1007 1353 28 19 N.

823 1412 173 24 UNIVERSITY
1013 1414 34 21 OF
1065 1415 169 23 CALIFORNIA
1253 1416 34 22 AT
1306 1419 49 21 LOS

856 1442 134 24 ANGELES.
1029 1444 87 22 EARTH
1133 1445 102 23 ACTION
1254 1448 132 22 COUNCIL.

857 1473 49 20 The
927 1474 117 26 bibycle
1065 1475 80 21 book.
1186 1477 49 21 See
1255 1477 166 27 BOETHLING,
892 1503 63 26 BOB,
979 1504 44 20 ed.

806 1560 174 24 UNIVERSITY
998 1563 33 21 OF
1050 1562 170 24 CALIFORNIA
1237 1565 36 21 AT
1292 1566 49 22 LOS

842 1591 133 23 ANGELES.
1015 1593 224 23 ENVIRONMENTAL
1257 1595 120 22 SCIENCE
1395 1595 16 21 &

843 1620 189 23 ENGINEERING
1051 1621 131 24 PROGRAM.

842 1650 102 26 Facing
964 1651 49 20 the
1033 1651 114 21 future:
1171 1652 66 21 five
1256 1653 205 23 alternatives

877 1679 49 20 for
944 1680 121 21 Mammoth
1083 1680 98 22 Lakes.
1222 1682 49 21 See
1290 1682 172 23 UNIVERSITY

876 1707 34 20 OF
928 1707 171 23 CALIFORNIA
1116 1710 36 20 AT
1170 1710 50 21 LOS
1237 1710 133 23 ANGELES.

876 1736 103 22 SCHOOL
997 1737 34 21 OF
1048 1737 207 23 ARCHITECTURE
1274 1739 16 20 &
1308 1741 86 20 URBAN

877 1765 149 22 PLANNING.

796 1824 172 23 UNIVERSITY
988 1826 31 21 OF
1038 1825 170 23 CALIFORNIA
1232 1829 34 20 AT
1285 1829 49 21 LOS
1353 1830 131 22 ANGELES.

831 1853 104 23 SCHOOL
953 1856 32 20 OF
1003 1854 206 23 ARCHITECTURE
1228 1858 16 19 &
1262 1857 85 21 URBAN
831 1854 603 56 PLANNING.

829 1913 103 26 Facing
952 1913 48 21 the
1021 1913 112 22 future:
1158 1914 72 21 five
1245 1914 203 24 alternatives

865 1942 49 20 for
933 1942 121 22 Mammoth
1072 1943 98 25 Lakfes;
1196 1949 116 21 summary
1332 1945 101 26 report
1452 1946 32 20 of

865 1971 48 21 the
933 1971 122 22 Mammoth
1074 1973 168 26 Lakes/UCLA
1261 1973 131 26 project.
1434 1976 14 19 A

865 1999 221 23 collaborative
1109 2001 83 26 study
1210 2002 34 25 by
1263 2002 48 21 the
1332 2003 100 21 School
1453 2003 31 21 of

864 2028 204 23 Architecture
1088 2032 17 19 &
1122 2030 87 22 Urban
1227 2031 137 27 Planning
1381 2033 17 19 &
1417 2032 48 22 the

863 2057 224 24 Environmental
1107 2059 116 22 Science
1243 2061 16 19 &
1278 2060 189 27 Engineering

866 2089 130 24 Program,
1020 2086 171 27 University
1211 2088 32 21 of
1261 2089 184 26 California,

866 2116 47 19 Los
933 2115 132 26 Angeles.
1106 2112 31 27 63
1158 2121 28 21 p.
1227 2117 80 26 Appl.
1330 2117 132 23 authors:

863 2143 69 20 Mark
949 2144 29 20 M.
1003 2143 84 21 Jones
1106 2145 17 18 &
1141 2143 114 21 others.
1293 2145 20 21 ©
1329 2145 119 26 Regents

867 2173 31 21 of
918 2173 47 21 the
985 2172 171 26 University
1177 2174 31 20 of
1228 2173 182 26 California;

885 2202 96 27 1Sep72;
1003 2202 131 25 A371371.

810 2251 173 25 UNIVERSITY
1003 2253 33 21 OF
1054 2253 171 23 CALIFORNIA
1243 2254 33 21 AT
1295 2254 50 23 LOS

845 2281 132 25 ANGELES.
1018 2284 102 22 SCHOOL
1139 2285 33 20 OF
1190 2285 120 23 LIBRARY
1329 2288 132 22 SERVICE.

844 2313 51 22 The
914 2314 83 26 great
1018 2314 102 21 debate
1139 2319 32 15 on
1190 2315 151 22 Panizzi's
1364 2318 82 21 rules

881 2342 31 20 in
933 2339 166 29 1847-1849:
1122 2343 49 20 the
1191 2344 99 20 issues
881 2342 478 55 discussed.
1036 2372 48 21 See
1104 2372 116 27 BRAULT,
1242 2373 97 22 NANCY.

814 2418 173 25 UNIVERSITY
1006 2421 33 21 OF
1057 2422 173 23 CALIRORNIA
1245 2424 35 21 AT

850 2448 47 22 LOS
918 2449 132 23 ANGELES.
1091 2452 172 22 UNIVERSITY
1282 2454 131 23 LIBRARY.

850 2479 120 25 Library
990 2480 113 20 skills.
1143 2481 49 20 See
1212 2483 116 26 DUDLEY,
1350 2486 114 20 MIRIAM.

803 2524 174 23 UNIVERSITY
995 2527 34 20 OF
1046 2527 183 29 CALIFORNIA,
1251 2530 149 24 BERKELEY.

839 2554 166 24 EXTENSION.
1045 2556 81 23 DEPT.
1149 2558 32 20 OF
1200 2559 188 23 INDEPENDENT
840 2583 96 22 STUDY.

839 2611 119 26 Geology
975 2612 115 26 XSB105:
1114 2614 101 21 Marine
1235 2616 131 26 geology;
872 2614 565 56 lectures,

991 2641 36 24 by
1044 2641 101 21 Robert
1163 2644 30 20 M.
1215 2645 116 22 Morris,
1372 2642 50 25 142
1438 2654 30 19 p.

871 2668 80 26 Appl.
975 2669 113 22 author:
1112 2671 117 25 Regents
1250 2673 33 19 of
1304 2674 46 20 the
872 2671 599 56 University
958 2699 32 18 of
1009 2698 183 23 California.
1231 2701 18 20 ©
1267 2702 117 26 Regents
1406 2704 31 21 of

872 2725 48 20 the
940 2727 171 27 University
1130 2729 32 19 of
1182 2730 182 26 California;

871 2755 131 25 21Dec71;
1024 2751 133 30 A349191.

822 2808 173 23 UNIVERSITY
1012 2809 33 20 OF
1065 2810 181 27 CALIFORNIA,
1270 2812 97 26 DAVIS,
1393 2813 49 21 LAW

858 2838 115 22 REVIEW.
1010 2836 99 26 Vol.5,
1136 2837 76 25 1972:
1237 2839 84 25 Legal
1341 2840 134 25 problems

858 2865 32 19 of
909 2864 238 23 administrative
1169 2867 148 26 practice.
1357 2870 97 25 Davis,

855 2893 172 25 University
1047 2894 33 21 of
1099 2895 182 25 California,
1304 2897 103 22 School
1426 2899 33 20 of

857 2918 514 32 Law. 649 p. © Regents of the
856 2951 171 25 University
1047 2951 31 21 of
1099 2952 181 25 California;
1305 2955 113 23 9Oct72;

856 2976 132 29 A388848.

1571 252 171 23 UNIVERSITY
1761 254 33 20 OF
1813 255 182 28 CALIFORNIA,
2019 257 96 23 DAVIS.

1606 281 102 23 SCHOOL
1726 284 33 20 OF
1776 285 64 21 LAW.
1880 285 50 22 See

1604 311 172 22 UNIVERSITY
1794 314 33 20 OF
1847 315 182 27 CALIFORNIA,
2053 318 95 26 DAVIS,
1638 341 49 20 LAW
1707 342 116 22 REVIEW.

1568 399 173 24 UNIVERSITY
1759 402 33 21 OF
1811 403 182 22 CALIFORNIA.
2035 404 130 22 REGENTS.

1600 428 190 24 Affirmative
1810 432 101 21 action
1931 434 50 20 for
1998 437 100 18 women:
2119 434 68 26 myth

1637 459 49 21 and
1708 460 131 26 reality.
1878 461 50 21 See
1947 462 116 27 BULWIK,
2086 463 85 21 HELEN
2189 465 28 20 C.

1609 489 85 30 Amapa
1716 493 215 27 storytellers.
1973 494 48 21 See
2042 494 80 26 ROBE,
1646 521 118 22 STANLEY
1782 523 29 21 L.

1600 552 172 28 Amphibians
1793 557 49 21 and
1862 558 134 26 reptiles
2017 560 33 20 of
2069 560 181 23 California.

1638 583 48 22 See
1707 585 149 29 STEBBINS,
1879 587 102 22 ROBERT
1999 589 28 20 C.

1609 614 169 28 Attorney's
1799 618 83 24 guide
1903 619 32 20 to
1954 620 83 20 trade
2058 623 130 21 secrets.

1644 644 48 21 See
1713 646 166 28 BROSNAHAN,
1903 648 85 23 CAROL
2006 650 45 26 S.,
2075 652 45 19 ed.

1604 679 139 28 Autonomy
1762 687 33 15 or
1814 684 169 26 dependence
2003 689 31 16 as
2056 686 132 27 regional

1642 710 187 27 integration
1848 713 150 23 outcomes:
2020 715 116 21 Central

1639 739 134 23 America.
1814 743 49 20 See
1883 743 166 29 SCHMITTER,
1641 770 136 22 PHILIPPE
1797 772 28 21 C.

1605 802 101 22 Behind
1726 804 48 20 mud
1795 805 97 24 walls,
1918 802 163 30 1930-1960.
2122 808 48 20 See

1639 831 99 27 WISER,
1759 831 122 23 WILLIAM
1898 834 29 21 H.

1606 867 83 22 Bench
1709 867 67 22 book
1794 868 188 22 misdemeanor
2002 868 164 25 procedure.

1639 896 49 22 See
1709 895 170 24 CALIFORNIA
1898 896 119 22 COLLEGE
2037 897 32 20 OF
2087 895 86 23 TRIAL
1639 925 114 23 JUDGES.

1603 956 101 26 Busing
1723 957 47 19 and
1792 956 150 23 backlash:
1964 957 84 22 white
2069 957 116 27 against

1635 984 85 22 white
1742 985 31 20 in
1793 990 15 16 a
1828 985 170 22 California
2018 986 98 21 school

1638 1014 148 22 district.
1827 1015 48 21 See
1895 1015 99 27 RUBIN,
2017 1014 118 23 LILLIAN
2155 1016 27 21 B.

1610 1045 172 24 California
1800 1047 84 22 civil
1903 1048 97 22 writs.
2041 1050 49 21 See
2110 1050 114 29 KRAUSE,

1643 1076 139 23 MARSHALL
1799 1079 30 21 W.

1614 1109 170 22 California
1804 1112 65 19 debt
1889 1111 171 23 collection
2080 1113 147 25 practice.

1648 1138 49 21 See
1715 1139 169 27 MOANDREWS,
1905 1139 121 22 MICHAEL
2044 1141 28 21 A.

1613 1169 170 23 California
1801 1173 135 21 decedent
1958 1175 99 21 estate
1648 1172 513 53 administration.
1853 1202 49 21 See
1923 1203 98 27 CHUAN,
2042 1205 101 22 VICTOR
2165 1207 25 21 L.

1615 1232 170 23 California
1805 1236 135 22 eviction
1960 1239 116 21 defense
2096 1241 114 22 manual.

1650 1263 48 21 See
1716 1265 168 29 MOSKOVITZ,
1907 1268 96 22 MYRON.

1619 1304 170 23 California
1809 1308 134 26 juvenile
1964 1310 83 21 court
2068 1311 147 22 deskbook.

1652 1334 50 22 See
1722 1336 150 29 THOMPSON,
1893 1339 88 21 HOMER
1998 1340 28 20 B.

1615 1371 170 22 California
1804 1374 118 20 marital
1944 1375 186 22 termination

1649 1401 200 23 settlements.
1889 1403 50 22 See
1957 1404 117 27 WALZER,
2096 1405 102 22 STUART
2217 1408 28 19 B.

1617 1435 170 22 California
1807 1439 65 21 tort
1892 1441 97 25 guide.
2030 1444 49 20 See

1649 1464 134 30 WALLACH,
1806 1470 27 20 E.
1857 1470 113 23 ROBERT.

1613 1497 114 27 Cancer,
1749 1500 49 19 the
1817 1502 120 25 wayward
1957 1504 79 20 cell.
2078 1506 47 19 See

1644 1527 151 27 RICHARDS,
1817 1531 116 21 VICTOR.

1610 1559 84 23 China
1715 1562 46 21 and
1786 1558 149 33 "people's
1954 1562 66 25 war"
2043 1568 31 20 in
1646 1565 512 55 Thailand,
1748 1588 166 30 1964-1969.
1955 1596 49 21 See
2025 1597 147 28 LOVELACE,

1643 1619 105 22 DANIEL
1764 1622 30 20 D.

1608 1655 49 20 The
1678 1657 153 23 Christian
1850 1661 66 24 poet
1937 1662 32 21 in
1987 1663 136 23 Paradise
2141 1667 79 22 lost.

1642 1683 49 22 See
1709 1686 100 27 RIGGS,
1829 1689 121 22 WILLIAM
1969 1691 29 21 G.

1613 1719 155 25 Counselor
1785 1724 99 27 Ayres'
1908 1728 149 23 memorial.
2097 1731 49 22 See

1648 1750 120 24 MACHADO
1786 1754 33 21 DE
1837 1755 99 28 ASSIS,
1959 1758 120 25 JOAQUIM
2096 1762 98 23 MARIA.

1610 1784 68 22 Debt
1698 1787 170 23 collection
1888 1790 65 22 tort
1972 1793 149 26 practice.
2161 1796 49 21 See

1645 1816 167 30 BROSNAHAN,
1835 1820 86 23 CAROL
1938 1824 47 26 S.,
2008 1824 43 20 ed.

1613 1849 169 29 Dictionary
1803 1855 32 19 of
1855 1854 67 22 film
1940 1857 115 22 makers.
2097 1858 47 21 See

1648 1879 115 28 SADOUL,
1786 1882 132 23 GEORGES.

1609 1915 173 28 Dictionary
1802 1921 31 19 of
1852 1921 97 22 films.
1989 1923 50 21 See
2058 1925 115 27 SADOUL,

1644 1945 133 24 GEORGES.

1611 1981 137 29 Drafting
1770 1989 166 24 agreements
1958 1992 50 21 for
2028 1993 47 22 the
2097 1996 63 21 sale
2182 2000 32 19 of

1647 2011 183 25 businesses.
1869 2018 50 20 See
1937 2021 134 29 KARPLUS,
2095 2025 99 22 CURTIS
2212 2028 30 21 M.

1613 2048 153 23 Education
1785 2053 49 21 and
1854 2054 201 29 development:
2079 2059 82 21 Latin

1645 2080 137 22 American
1802 2085 47 19 and
1873 2084 47 22 the
1941 2087 165 23 Caribbean.
2145 2091 49 21 See

1647 2109 32 21 LA
1698 2112 98 27 BELLE,
1820 2115 99 20 THOMAS
1940 2118 29 19 J.

1611 2142 119 26 England
1752 2145 32 20 in
1803 2147 48 20 the
1870 2148 190 23 Restoration
2078 2153 48 20 and
2147 2154 84 26 early

1647 2172 169 28 eighteenth
1836 2177 132 26 century.
2008 2179 48 22 See
2094 2181 182 27 SHEDENBERG,

1645 2200 30 22 H.
1697 2203 47 25 T.,
1766 2203 64 27 JR.,
1853 2205 45 21 ed.

1611 2231 205 30 Entoptychine
1835 2236 100 26 pocket
1957 2238 116 25 gophers

1649 2258 163 33 (Mammalia,
1835 2261 185 31 Geomyoidea)
2042 2268 33 19 of
2093 2267 48 21 the

1643 2291 88 26 Early
1746 2292 120 22 Miocene
1885 2294 68 21 John
1972 2295 51 24 Day
2041 2295 166 28 Formation,

1646 2319 113 27 Oregon.
1801 2323 47 19 See
1868 2322 184 28 RENSBERGER,
2074 2325 68 20 JOHN
1643 2349 150 22 MARSHALL.

1607 2374 102 28 Facing
1729 2377 48 21 the
1797 2378 114 22 future:
1935 2380 66 21 five
2021 2382 202 24 alternatives

1641 2403 51 22 for
1707 2406 122 21 Mammoth
1846 2408 98 21 Lakes.
1985 2410 49 20 See
2053 2412 171 23 UNIVERSITY

1640 2433 33 21 OF
1692 2435 170 22 CALIFORNIA
1879 2437 35 21 AT
1932 2438 50 21 LOS
1999 2439 132 22 ANGELES.

1639 2462 103 22 SCHOOL
1760 2465 34 21 OF
1810 2465 208 23 ARCHITECTURE
2036 2467 16 21 &
2070 2470 84 20 URBAN

1640 2490 148 22 PLANNING.

1606 2517 69 22 Form
1693 2519 49 20 and
1762 2525 118 21 purpose
1901 2522 30 20 in
1951 2523 152 21 Boswell's
1641 2520 532 57 biographical
1814 2549 95 21 works.
1952 2551 46 20 See
2021 2551 198 28 SIEBENSCHUH,

1640 2575 121 23 WILLIAM
1779 2577 28 21 R.

1607 2603 154 22 Friedrich
1779 2606 136 21 Meinecke
1936 2609 47 19 and
2004 2609 100 21 German
2123 2610 134 25 politics

1644 2632 31 21 in
1695 2633 47 21 the
1762 2634 153 21 twentieth
1934 2637 131 25 century.
2106 2638 48 20 See
2173 2639 81 26 POIS,

1640 2661 102 21 ROBERT
1761 2662 28 20 A.

1608 2689 121 27 Geology
1745 2691 116 26 XSB105:
1884 2692 100 21 Marine
2004 2693 129 25 geology.

1643 2719 49 21 See
1712 2720 171 22 UNIVERSITY
1902 2721 33 21 OF
1952 2721 183 27 CALIFORNIA,

1644 2748 147 22 BERKELEY.
1833 2749 165 23 EXTENSION.
2038 2750 80 22 DEPT.
2141 2751 32 21 OF

1643 2777 187 22 INDEPENDENT
1849 2779 96 21 STUDY.

1613 2802 118 23 Gerhard
1750 2805 115 22 Marcks:
1889 2812 14 14 a
1925 2808 218 26 retrospective

1648 2832 170 23 exhibition
1838 2836 150 24 organized
2007 2837 35 25 by
2062 2839 47 19 the
2127 2839 68 20 UCLA

1647 2860 49 21 Art
1716 2862 152 22 Galleries
1888 2864 67 21 with
1975 2865 48 20 the
1647 2863 547 52 participation
1733 2891 33 19 of
1785 2891 48 21 the
1853 2892 153 26 following
2024 2894 215 24 institutions:

1645 2917 135 22 Portland
1800 2920 50 21 Art
1868 2921 115 26 Museum,
2006 2923 50 20 San
2075 2925 151 21 Francisco

1644 2947 103 21 Museum
1766 2949 33 20 of
1817 2950 63 24 Art,
1903 2950 67 21 Fort
1988 2952 84 21 Worth
2091 2953 49 20 Art

1646 2975 101 21 Center
1767 2977 48 21 and
1835 2978 112 22 others.
1989 2980 48 20 See

1642 3004 117 26 MARCKS,
1781 3006 131 22 GERHARD.
