2358 3325
121 150 59 24 3676

160 301 117 24 Reading
298 301 47 19 for
364 304 84 22 young
468 300 130 21 moderns.
640 300 98 21 Course
759 301 27 19 2.

194 330 31 24 By
245 329 82 20 Marie
348 328 113 22 Clarke.
503 329 13 19 1
538 333 26 16 v.
604 327 20 20 ©
640 327 168 26 University

194 358 152 22 Extension
364 357 150 25 Division,
537 356 169 26 University
727 357 31 20 of

193 387 149 25 Nebraska;
365 386 131 26 17Aug72;
519 381 118 29 A367149.

109 443 171 23 UNIVERSITY
298 445 33 20 OF
348 443 135 23 NEBRASKA
505 445 95 22 PRESS.

142 473 49 21 All
212 474 49 21 for
281 475 79 21 love.
400 476 48 20 See
468 476 114 26 DRYDEN,
607 477 80 21 JOHN.

154 503 17 21 A
191 504 187 22 concordance
396 506 33 21 to
448 507 49 20 the
518 507 82 22 short
620 508 118 23 fiction

191 533 32 20 of
242 533 28 22 D.
293 535 28 21 H.
346 536 146 20 Lawrence.
534 538 48 20 See
601 538 114 27 GARCIA,

190 562 96 22 RELOY.

145 593 135 20 Crusader
300 593 31 19 in
350 592 132 26 Babylon:
505 594 28 21 W.
555 595 29 19 T.
610 595 81 21 Stead
712 595 46 20 and

180 622 65 20 Pall
264 622 67 20 Mall
350 622 131 26 gazette.
523 622 46 22 See
591 623 131 26 SCHULTS,
178 651 119 21 RAYMOND
315 652 29 19 L.

154 675 50 21 The
224 676 98 26 knight
344 677 31 20 of
396 678 113 21 Olmedo.
549 679 49 21 See
617 680 68 22 VEGA

190 704 113 26 CARPIO,
327 706 66 20 LOPE
412 706 84 21 FELIX
515 707 44 21 DE.

143 744 49 20 The
213 743 64 22 life
297 746 49 19 and
366 746 168 22 adventures
555 748 32 20 of
606 749 82 21 James
708 750 27 20 P.

178 773 182 22 Beckwourth.
399 775 49 20 See
469 776 184 27 BECKWOURTH,
175 801 84 22 JAMES
280 803 28 21 P.

142 826 394 53 The Ponca chiefs. See TIBBLES, THOMAS HENRY.
145 881 101 21 Robert
266 883 98 19 Graves
387 882 47 21 and
455 883 48 20 the
523 883 81 21 white
626 884 129 27 goddess.

181 911 46 19 See
248 911 133 26 VICKERY,
403 913 66 20 JOHN
490 914 26 19 B.

137 942 148 26 Roelvaag:
308 942 49 21 his
377 942 66 22 life
463 943 50 20 and
531 944 63 19 art.
634 943 50 21 See

172 971 148 27 REIGSTAD,
345 972 78 21 PAUL.

151 1005 48 20 The
218 1005 66 22 West
307 1007 30 19 of
357 1006 66 21 Owen
441 1008 115 21 Wister.
598 1009 49 20 See
184 1035 116 26 WISTER,
324 1035 77 22 OWEN.

137 1063 49 20 The
203 1064 121 21 Western
341 1065 139 21 American
498 1065 114 23 Indian.
651 1068 50 21 See

171 1092 97 28 ELLIS,
291 1093 119 22 RICHARD
428 1095 29 20 N.

136 1125 186 22 Whitehead's
343 1127 183 27 philosophy.
566 1130 49 20 See

171 1156 184 27 HARTSHCRNE,
377 1157 132 22 CHARLES.

107 1208 172 23 UNIVERSITY
297 1211 33 20 OF
346 1210 140 22 NEBRASKA
502 1211 99 22 PRESS.
640 1213 47 21 See

143 1239 117 22 STUDIES
281 1240 31 20 IN
329 1240 138 22 MEDIEVAL
487 1242 48 20 AND
553 1242 187 22 RENAISSANCE

177 1269 131 21 HISTORY.

100 1312 169 24 UNIVERSITY
289 1314 31 21 OF
339 1313 102 24 NEVADA
459 1315 96 23 PRESS.

133 1345 49 20 The
201 1345 102 22 Nevada
322 1346 218 24 constitution:
563 1350 100 25 origin
681 1351 48 20 and

167 1372 113 26 growth.
322 1374 48 20 See
390 1375 149 27 BUSHNELL,
562 1377 146 22 ELEANORE.

102 1414 170 27 UNIVERSITY
290 1417 34 24 OF
343 1417 32 24 NEW
411 1417 165 31 HAMPSHIRE,
600 1419 112 25 DURHAM.

135 1448 50 21 The
205 1448 99 23 Robert
326 1449 116 22 Laurent
462 1451 136 22 memorial
171 1450 545 57 exhibition,
274 1477 163 27 1972-1973:
461 1480 171 26 University
652 1481 32 22 of
703 1482 48 21 New

168 1506 169 27 Hampshire,
359 1508 115 26 Durham,
495 1510 51 21 New
564 1510 166 26 Hampshire.

171 1535 47 21 See
238 1535 80 27 MOAK,
343 1536 83 22 PETER
444 1538 28 21 V.

114 1576 172 26 UNIVERSITY
303 1580 33 22 OF
354 1582 50 21 NEW
422 1583 116 27 MEXICO,

147 1606 200 28 ALBUQUERQUE.

147 1638 187 26 Speculative
352 1641 183 28 philosophy.
576 1645 50 20 See
643 1646 83 26 RECK,

180 1669 103 21 ANDREW
301 1672 28 19 J.

101 1719 171 25 UNIVERSITY
290 1722 33 22 OF
341 1723 51 22 NEW
410 1724 101 22 MEXICO
530 1726 97 23 PRESS.

135 1751 48 21 The
204 1752 153 27 harrowing
376 1754 32 21 of
427 1755 80 22 hell:
532 1757 111 22 Dachau.
684 1759 48 21 See

168 1779 99 28 SMITH,
289 1781 100 23 MARCUS
410 1784 28 20 J.

136 1814 49 20 The
205 1815 101 21 writer
326 1821 32 15 on
376 1816 48 22 his
447 1822 60 16 own.
548 1819 49 20 See
618 1820 164 27 GREENHOOD,

171 1842 96 23 DAVID.

105 1893 170 24 UNIVERSITY
293 1897 34 21 OF
345 1898 84 22 NORTH
449 1900 133 22 CAROLINA
600 1903 36 20 AT
654 1903 101 22 CHAPEL

139 1923 78 22 HILL.

139 1952 134 23 Business
294 1955 237 25 administration
551 1959 61 24 c73:
174 1958 545 52 introductory
308 1985 173 24 managerial
499 1988 181 26 accounting.

172 2010 171 22 UNIVERSITY
361 2013 33 21 OF
411 2014 85 21 NORTH
516 2016 134 21 CAROLINA
668 2018 34 20 AT

173 2039 102 22 CHAPEL
292 2042 78 20 HILL.
412 2044 169 21 UNIVERSITY
172 2044 513 48 EXTENSION
257 2070 148 22 DIVISION.
445 2073 102 21 BUREAU
566 2075 15 19 OF
172 2073 544 49 CORRESPONDENCE
326 2100 198 23 INSTRUCTION.

146 2128 32 20 On
198 2129 99 21 either
317 2131 64 20 side
402 2132 32 19 of
454 2133 48 19 the
521 2133 148 22 mushroom.

180 2158 47 20 See
247 2160 171 21 UNIVERSITY
437 2162 31 19 OF
487 2162 86 21 NORTH
592 2164 132 21 CAROLINA

178 2186 34 21 AT
232 2187 101 21 CHAPEL
351 2189 78 21 HILL.
471 2190 117 21 STUDENT
608 2193 100 21 HEALTH

180 2216 129 22 SERVICE.

102 2263 172 25 UNIVERSITY
293 2266 32 22 OF
343 2267 84 23 NORTH
446 2268 136 23 CAROLINA
600 2270 34 22 AT

138 2294 102 23 CHAPEL
257 2295 81 23 HILL.
377 2297 50 22 See
138 2324 217 27 YACKETY-YACK,
378 2326 79 25 1972.

101 2376 171 25 UNIVERSITY
289 2380 34 21 OF
340 2381 86 22 NORTH
444 2382 133 24 CAROLINA
596 2384 35 22 AT

135 2407 102 22 CHAPEL
254 2410 78 20 HILL.
375 2411 134 22 CAROLINA
529 2414 170 22 POPULATION

135 2437 111 22 CENTER.

135 2466 185 27 Development
341 2469 238 23 administration
598 2473 32 20 in
649 2478 14 15 a

168 2495 84 21 North
272 2497 100 20 Indian
392 2498 96 20 state:
512 2499 49 21 the
581 2501 100 26 family

167 2524 137 26 planning
321 2531 120 21 program
459 2528 33 19 in
510 2528 85 21 Uttar
613 2530 129 21 Pradesh.

168 2553 48 20 See
236 2553 98 27 ELDER,
356 2555 103 21 ROBERT
477 2557 45 24 E.,
545 2559 43 19 JR.

109 2607 171 24 UNIVERSITY
299 2609 31 21 OF
348 2609 86 22 NORTH
453 2609 132 22 CAROLINA
605 2610 34 22 AT

145 2638 101 22 CHAPEL
263 2640 80 21 HILL.
383 2640 152 22 EXTENSION
552 2641 150 22 DIVISION.

140 2666 120 22 Writers
280 2668 34 24 by
329 2667 168 26 moonlight:
519 2669 30 21 X.
589 2669 49 20 See

175 2696 134 26 WELLMAN,
330 2697 86 21 MANLY
433 2697 82 26 WADE,
539 2697 43 20 ed.

100 2742 171 26 UNIVERSITY
289 2745 33 23 OF
339 2745 85 24 NORTH
443 2746 134 25 CAROLINA
597 2747 32 24 AT
649 2748 102 24 CHAPEL

134 2773 79 22 HILL.
255 2775 152 23 INSTITUTE
425 2777 34 21 OF
477 2778 182 22 GOVERNMENT.

134 2802 118 23 Alcohol
272 2806 49 19 and
340 2806 85 21 other
443 2807 67 25 drug
528 2813 84 20 usage
631 2814 84 20 among

169 2833 101 26 junior
288 2835 48 19 and
358 2835 100 21 senior
476 2837 67 26 high
564 2838 99 20 school

170 2861 131 22 students
323 2864 32 19 in
373 2864 370 28 Charlotte-Mecklenburg.

169 2890 47 20 See
236 2889 114 27 MCLEOD,
374 2891 101 22 JONNIE
493 2894 28 20 H.

133 2915 47 20 The
202 2915 135 26 property
356 2917 63 19 tax.
459 2917 47 19 See
527 2917 98 25 LEWIS,
168 2943 83 21 HENRY
269 2943 31 20 W.

861 244 169 22 UNIVERSITY
1051 245 31 21 OF
1101 245 85 22 NORTH
1205 246 136 22 CAROLINA
1358 247 35 21 AT

895 273 102 23 CHAPEL
1014 276 80 20 HILL.
1135 276 204 22 PUBLICATIONS
1358 278 96 21 BOARD.
895 304 48 20 See

894 331 217 29 YACKETY-YACK,
1134 333 80 25 1972.

864 393 172 21 UNIVERSITY
1053 394 33 19 OF
1103 393 86 21 NORTH
1209 394 135 21 CAROLINA
1362 395 34 19 AT
1415 395 101 20 CHAPEL

898 423 79 20 HILL.
1020 422 119 21 STUDENT
1156 423 102 21 HEALTH
1278 423 128 22 SERVICE.

898 452 33 19 On
951 450 101 22 either
1072 450 64 22 side
1155 452 35 19 of
1209 452 47 20 the
1275 452 149 26 mushroom;
1449 457 13 15 a

933 479 117 22 booklet
1071 480 83 21 about
1175 480 81 26 drugs
1277 481 49 19 and
1345 481 67 25 drug
1430 487 62 14 use.

932 509 62 21 Rev.
1020 508 43 21 2d.
1088 508 44 22 ed.
1173 509 32 23 31
1247 523 5 6 p.
1294 510 78 24 Appl.
1397 509 112 22 author:

933 537 84 21 Peter
1035 538 28 20 W.
1087 536 66 22 Hall
1174 538 49 19 for
1242 537 96 22 U.N.C.
1364 538 116 21 Student

932 567 67 24 Drug
1019 566 186 22 Information
1226 566 203 27 Coordinating

933 594 164 22 Committee.
1137 596 20 20 ©
1172 595 172 26 University
1362 596 33 20 of
1413 597 84 19 North

933 622 134 22 Carolina
1087 623 32 21 at
1139 624 101 25 Chapel
1260 624 79 26 Hill;
1363 624 131 26 10Aug72;

933 647 131 30 A360701.

871 700 172 25 UNIVERSITY
1062 702 32 22 OF
1112 702 86 23 NORTH
1217 702 134 24 CAROLINA
1370 703 33 24 AT

907 732 102 22 CHAPEL
1027 733 79 22 HILL.
1149 734 117 22 STUDENT
1286 735 101 21 HEALTH

907 762 129 21 SERVICE.
1079 762 117 22 STUDENT
1215 763 67 21 DRUG
1303 764 187 21 INFORMATION

907 790 203 23 COORDINATING
1131 792 164 22 COMMITTEE.

906 818 31 19 On
956 818 101 20 either
1078 819 64 20 side
1163 819 33 20 of
1215 820 48 19 the
1282 820 149 21 mushroom.
1473 822 47 18 See

940 845 171 23 UNIVERSITY
1128 848 34 20 OF
1180 848 84 21 NORTH
1285 848 134 22 CAROLINA
1438 850 32 19 AT

941 875 101 21 CHAPEL
1059 876 80 22 HILL.
1182 877 117 21 STUDENT
1319 877 102 22 HEALTH

940 904 130 22 SERVICE.

864 951 172 25 UNIVERSITY
1054 954 34 22 OF
1123 955 68 23 NORTH
1210 955 134 24 CAROLINA
1364 957 33 23 AT

899 982 102 24 CHAPEL
1019 986 81 21 HILL.
1139 987 118 22 STUDIES
1279 989 31 20 IN
1329 989 50 21 THE

899 1012 562 29 GERMANIC LANGUAGES & LITERATURES.
899 1042 47 20 The
967 1044 100 20 marble
1088 1045 100 20 statue
1209 1051 29 15 as
1261 1046 78 21 idea:
1364 1047 150 22 collected

933 1075 98 22 essays
1053 1078 32 15 on
1104 1072 137 23 Adalbert
1260 1075 151 22 Stifter's
1432 1078 49 20 Der

932 1100 182 24 Nachsommer.
1156 1104 49 20 See
1224 1104 150 28 SJOEGREN,
933 1132 152 22 CHRISTINE
1104 1134 115 22 OERTEL.

862 1188 171 26 UNIVERSITY
1052 1193 33 22 OF
1104 1193 83 24 NORTH
1207 1195 134 24 CAROLINA
1360 1198 34 22 AT

896 1220 103 23 CHAPEL
1016 1223 80 22 HILL.
1137 1225 118 23 STUDIES
1276 1228 32 20 IN
1325 1229 50 20 THE
895 1225 550 50 GERMANIC
999 1251 151 23 LANGUAGES
1170 1254 17 20 &
1206 1256 198 23 LITERATURES.
1445 1259 47 20 See

895 1278 117 22 STUDIES
1034 1281 32 20 IN
1084 1282 102 21 GERMAN
1205 1284 170 22 LITERATURE
1394 1286 32 21 OF

929 1309 49 21 THE
998 1311 171 22 NINETEENTH
1187 1313 50 20 AND
1256 1315 153 22 TWENTIETH
930 1337 162 24 CENTURIES.

853 1393 173 21 UNIVERSITY
1044 1395 32 20 OF
1094 1395 85 21 NORTH
1199 1397 135 21 CAROLINA
1353 1399 34 20 AT
1405 1400 101 20 CHAPEL

888 1422 78 21 HILL.
1009 1423 171 22 UNIVERSITY
1198 1425 152 22 EXTENSION
1370 1427 146 22 DIVISION.

889 1451 102 20 BUREAU
1009 1451 32 20 OF
1061 1452 239 23 CORRESPONDENCE
1319 1456 197 21 INSTRUCTION.

889 1480 134 21 Business
1043 1481 239 23 administration
1302 1484 61 24 c73:
922 1481 547 56 introductory

1057 1511 173 24 managerial
1250 1512 182 27 accounting;
1455 1519 14 15 a
922 1538 237 26 correspondence
1180 1545 113 17 course.
1334 1542 118 21 Written
1470 1544 33 24 by

921 1566 118 21 Richard
1059 1568 27 19 E.
1112 1568 129 26 Ziegler.
1283 1566 32 24 68
1334 1576 27 20 p.
1401 1572 19 20 ©
922 1568 563 56 University
1060 1597 32 19 of

1109 1598 86 20 North
1215 1598 147 27 Carolina;
1387 1595 128 32 28Feb72;
921 1619 130 30 A363529.

855 1678 172 22 UNIVERSITY
1045 1681 34 19 OF
1096 1680 87 22 NORTH
1202 1682 135 21 CAROLINA
1355 1684 34 19 AT
890 1707 183 22 GREENSBORO.
1115 1710 204 21 WEATHERSPOON
1339 1712 50 20 ART
1407 1713 130 20 GALLERY.

892 1736 47 19 See
959 1736 204 23 WEATHERSPOON
1183 1739 51 20 ART
1252 1741 131 24 GALLERY,
890 1764 184 27 GREENSBORO,
1095 1766 63 22 N.C.

865 1823 173 23 UNIVERSITY
1055 1826 33 20 OF
1106 1826 85 22 NORTH
1210 1827 135 23 CAROLINA
1364 1828 96 23 PRESS.

899 1852 102 22 Bonnin
1020 1854 48 20 and
1088 1855 99 21 Morris
1209 1856 33 20 of
1260 1857 218 26 Philadelphia:

935 1882 48 21 the
1004 1883 82 20 first
1105 1885 136 21 American
1260 1886 153 26 porcelain

934 1911 131 27 factory,
1106 1914 147 26 1770-1772.
1294 1917 50 20 See
1363 1917 80 27 HOOD,
932 1940 116 23 GRAHAM.

895 1966 203 27 Developments
1120 1967 32 20 in
1171 1965 186 23 theoretical
1377 1964 49 21 and

930 1996 117 26 applied
1067 1994 167 22 mechanics.
1276 1996 47 19 See
931 1991 498 58 SOUTHEASTERN
1069 2023 170 23 CONFERENCE
1259 2025 30 20 ON
1309 2022 188 24 THEORETICAL

932 2054 16 19 &
964 2054 120 21 APPLIED
1102 2052 168 27 MECHANICS,
1292 2053 63 26 5TH,
930 2048 567 64 RALEIGHDURHAM,
1068 2084 81 25 N.C.,
1172 2083 80 26 1970.

896 2115 49 21 The
965 2115 135 22 faithful
1120 2118 150 26 shepherd:
1291 2124 16 15 a
1325 2119 119 26 history
1463 2120 33 21 of

931 2144 48 21 the
999 2147 49 20 New
1067 2146 119 26 England
1204 2147 137 25 ministry
1360 2148 33 20 in
1412 2150 49 19 the

932 2174 186 22 seventeenth
1138 2176 130 26 century.
1308 2179 50 18 See
1377 2178 80 26 HALL,

930 2203 86 22 DAVID
1034 2205 29 21 D.

886 2228 48 21 The
956 2229 83 21 first
1059 2231 81 20 state
1161 2231 223 26 university—a
1401 2233 120 26 walking

921 2258 97 25 guide.
1058 2259 47 20 See
1127 2261 150 26 SCHUMANN,
1297 2262 172 22 MARGUERITE
1487 2264 30 20 E.

900 2291 83 23 Freud
1004 2295 47 19 and
1071 2296 65 25 post
1158 2296 82 21 World
1260 2298 50 21 War
1330 2298 31 21 II
1381 2298 136 24 American

935 2322 116 21 radical
1074 2324 97 21 social
1192 2325 131 27 thought.
1365 2327 47 22 See
1432 2329 81 27 KING,

934 2350 120 23 RICHARD
1070 2352 115 23 HARVEY.

895 2381 155 24 Metrolina
1067 2385 97 22 atlas.
1206 2386 47 21 See
1274 2386 79 28 CLAY,
1378 2388 81 23 JAMES
1478 2390 30 21 W.

893 2419 48 22 The
962 2421 237 26 Pre-Raphaelite
1219 2422 97 25 poets.
1356 2423 49 21 See

928 2448 166 27 STEVENSON,
1118 2450 112 21 LIONEL.

894 2482 219 26 Shakespeare's
1133 2486 135 25 pastoral
1289 2488 112 24 comedy.

927 2511 49 21 See
995 2512 167 28 MCFARLAND,
1184 2514 115 22 THOMAS.

884 2545 134 23 Sherwood
1037 2544 289 33 Anderson/Gertrude
1347 2551 98 23 Stein:

918 2575 237 27 correspondence
1176 2577 47 19 and
1244 2578 135 25 personal
1400 2585 112 21 essays.

919 2604 46 21 See
987 2606 149 27 ANDERSON,
1159 2607 148 22 SHERWOOD.

841 2665 173 23 UNIVERSITY
1032 2668 34 21 OF
1083 2669 85 21 NORTH
1186 2669 136 23 CAROLINA
875 2669 550 52 YMCA-YWCA
963 2698 96 22 PRESS.

877 2725 48 21 Bed
946 2727 129 26 elegies.
1117 2729 49 21 See
1185 2729 103 24 CONDER,
1321 2732 64 20 BOB.

877 2761 15 20 A
912 2765 65 21 year
998 2762 47 20 for
1066 2761 48 21 the
1136 2762 113 26 spider.
1289 2764 48 20 See
1358 2764 166 27 CARPENTER,
912 2791 97 21 LUCAS.

842 2851 170 23 UNIVERSITY
1031 2854 33 20 OF
1082 2854 85 21 NOTRE
1185 2854 68 22 DAME
1271 2856 96 21 PRESS.

876 2882 120 26 Foreign
1015 2882 182 22 assistance:
1219 2888 17 15 a
1256 2886 65 20 view
1340 2885 68 21 from
1427 2887 47 19 the

912 2911 117 25 private
1050 2912 112 21 sector.
1203 2913 48 21 See
1272 2914 147 26 THOMPSON,

909 2940 121 22 KENNETH
1046 2942 30 19 W.

1648 255 117 24 Outside
1786 258 47 21 the
1853 260 99 20 whale:
1976 261 97 27 George
2094 262 132 23 Orwell's

1683 286 47 21 art
1751 287 48 20 and
1819 287 149 26 politics.
2009 290 48 20 See
2078 290 96 29 KUBAL,
1682 314 85 23 DAVID
1785 316 29 21 L.

1661 340 100 24 Social
1781 344 100 26 change
1903 345 31 19 in
1954 344 48 22 the
2021 345 101 22 Soviet
2140 346 97 21 Union:

1694 371 134 22 Russia's
1849 373 67 25 path
1937 373 98 22 toward
2056 379 32 15 an
2108 374 166 23 industrial

1695 401 131 25 society.
1867 402 47 21 See
1933 402 151 27 MEISSNER,
2107 402 97 29 BORIS,
2227 405 44 20 ed.

1663 430 100 22 Tables
1785 432 32 20 of
1837 434 152 27 resolving
2007 436 100 24 agents
2126 439 48 19 and

1700 461 114 25 optical
1836 462 198 22 resolutions.
2077 463 47 23 See
2142 465 99 28 WILEN,
1698 488 102 22 SAMUEL
1816 490 29 21 H.

1651 519 115 25 Uganda:
1790 524 15 15 a
1824 525 63 16 case
1910 521 83 26 study
2013 521 32 21 in
2065 522 117 22 African
1688 520 577 52 political
1789 548 201 27 development.
2030 551 47 20 See
2098 551 131 26 GUKEINA,

1688 577 82 21 PETER
1787 578 31 20 M.

1620 630 172 22 UNIVERSITY
1810 632 33 20 OF
1861 632 137 22 OKLAHOMA
2018 633 150 22 CORROSION

1655 659 118 22 CONTROL
1793 661 113 27 COURSE,
1931 661 153 21 SEPTEMBER
2103 662 95 27 11-13,

1654 688 79 27 1972;
1758 694 14 15 a
1792 689 101 26 digest
1911 690 35 20 of
1965 690 48 21 the
2033 691 198 26 proceedings.
1655 718 152 21 Presented
1827 719 32 25 by
1879 719 134 22 Business
2033 721 15 19 &
2068 719 167 22 Industrial

1656 747 148 25 Services,
1827 747 170 27 University
2016 749 33 19 of
2068 748 134 22 Oklahoma
2221 750 33 20 In

1654 775 188 28 cooperation
1861 777 66 20 with
1946 776 136 22 National
2102 778 66 21 Assn.
2204 778 34 20 of

1654 804 153 22 Corrosion
1826 805 165 27 Engineers.
2033 807 14 20 1
2068 811 26 16 v.
2133 808 20 20 ©
2168 807 136 22 National

1654 832 67 21 Assn.
1756 833 35 19 of
1810 832 152 22 Corrosion
1982 834 164 27 Engineers;
2168 834 115 27 5Sep72;

1686 860 100 26 A379902.

1614 918 171 23 UNIVERSITY
1804 921 33 21 OF
1856 920 134 23 OKLAHOMA
2010 921 182 23 FOUNDATION.

1648 949 47 22 Old
1717 950 134 22 Cherokee
1872 950 148 22 families.
2060 951 48 20 See
2128 952 79 25 HILL,

1683 978 83 23 JAMES
1785 979 116 22 JULIAN.

1613 1033 172 22 UNIVERSITY
1803 1036 33 21 OF
1855 1037 147 28 OKLAHOMA,
2024 1040 113 23 NORMAN.

1647 1062 135 26 Expanded
1802 1065 150 22 functions
1973 1068 51 21 for
2043 1069 98 22 dental
1681 1069 561 48 assistants.
1818 1094 48 21 See
1887 1096 182 28 BILLINGTON,
2093 1099 25 21 D.
2144 1101 60 21 REX.

1608 1150 171 23 UNIVERSITY
1797 1152 33 22 OF
1850 1154 148 28 OKLAHOMA,
2021 1155 113 23 NORMAN.

1643 1180 101 22 BUREAU
1764 1181 31 21 OF
1815 1182 135 22 BUSINESS
1968 1186 16 20 &
2004 1185 133 21 ECONOMIC
1643 1183 548 51 RESEARCH.

1642 1237 151 26 Corporate
1814 1239 251 24 communications:
2088 1242 47 21 the
1674 1244 531 46 promotional
1831 1268 80 20 view.
1951 1269 48 21 See
2017 1271 116 27 MERTES,
2155 1272 68 21 JOHN
2241 1273 29 21 E.

1639 1298 52 26 Why
1710 1300 116 20 Federal
1847 1302 169 21 Government
2038 1304 149 26 employees

1677 1327 66 25 join
1762 1328 113 23 unions:
1898 1335 16 14 a
1935 1331 83 26 study
2037 1332 32 19 of
2086 1332 68 22 AFGE
2170 1334 85 21 Local

1675 1352 48 28 916
1743 1358 32 19 at
1795 1358 169 21 Tinker-Air
1982 1361 86 20 Force
2086 1362 79 21 Base.
2206 1363 49 21 See

1675 1385 113 27 IMUNDO,
1810 1387 98 28 LOUIS,
1931 1389 45 22 JR.

1605 1433 173 25 UNIVERSITY
1796 1438 32 21 OF
1849 1439 146 31 OKLAHOMA,
2019 1443 114 26 NORMAN.

1640 1464 135 24 BUSINESS
1796 1468 17 20 &
1832 1470 170 24 INDUSTRIAL
2020 1474 146 25 SERVICES.
2207 1478 48 21 See

1639 1494 172 24 UNIVERSITY
1830 1499 32 20 OF
1881 1500 135 23 OKLAHOMA
2036 1503 151 24 CORROSION

1674 1523 118 23 CONTROL
1811 1527 113 24 COURSE.

1612 1577 171 22 UNIVERSITY
1803 1578 31 21 OF
1855 1579 147 27 OKLAHOMA,
2023 1579 115 24 NORMAN.
1648 1577 631 54 UNIVERSITY
1731 1606 121 22 WOMEN'S
1868 1607 83 21 ASSN.

1646 1633 49 21 The
1715 1634 170 27 University
1905 1635 147 21 cookbook.
2092 1635 48 26 272
2161 1643 26 19 p.

1678 1662 21 20 ©
1714 1663 171 26 University
1902 1665 118 21 Women's
2038 1665 98 26 Assn.,
1681 1661 580 59 University
1767 1692 31 20 of
1819 1692 146 25 Oklahoma;
1990 1693 130 28 15Apr72;
2140 1690 132 31 A359381.

1608 1741 170 23 UNIVERSITY
1798 1743 33 21 OF
1849 1742 135 23 OKLAHOMA
2004 1743 96 22 PRESS.

1642 1772 49 21 The
1710 1773 136 21 American
1866 1773 148 26 newsreel,
2039 1770 161 29 1911-1967.
1676 1802 50 21 See
1743 1803 152 26 FIELDING,
1916 1803 132 22 RAYMOND.

1644 1831 187 24 Butterflies
1852 1835 32 19 of
1903 1833 131 27 Georgia.
2075 1833 47 22 See
2142 1834 114 26 HARRIS,
1679 1861 115 27 LUCIEN,
1817 1863 45 21 JR.

1650 1891 49 22 The
1721 1892 98 26 Cayuse
1841 1891 130 21 Indians:
1996 1890 132 27 imperial
1685 1886 562 58 tribesmen
1755 1920 32 20 of
1806 1919 48 22 old
1875 1920 114 25 Oregon.
2030 1919 48 19 See
2098 1917 79 25 RUBY,

1685 1949 102 21 ROBERT
1806 1949 28 21 H.

1640 1978 149 27 Crowfoot,
1812 1978 84 21 chief
1915 1979 32 19 of
1968 1979 45 20 the
2034 1977 163 23 Blackfeet.

1675 2007 47 22 See
1743 2008 132 26 DEMPSEY,
1898 2007 67 20 HUGH
1983 2007 113 21 AYLMER.

1639 2038 50 26 Cry
1709 2040 31 19 of
1761 2039 48 20 the
1828 2039 201 26 Thunderbird,
2053 2039 47 20 the
2118 2040 137 21 American

1674 2066 134 22 Indian's
1829 2073 50 15 own
1898 2068 96 26 story.
2034 2069 49 19 See
2103 2067 147 27 HAMILTON,

1673 2096 132 22 CHARLES.

1649 2125 202 23 Demosthenes:
1874 2126 49 20 six
1941 2125 118 27 private
2080 2126 147 25 speeches.

1685 2156 48 20 See
1751 2154 203 22 DEMOSTHENES.

1638 2186 155 21 Education
1812 2187 48 21 and
1882 2188 134 21 research
2036 2190 31 19 in
2087 2189 47 21 the

1673 2215 120 20 nuclear
1813 2216 96 25 cycle.
1949 2217 49 20 See
2016 2217 132 27 ELLIOTT,
1673 2242 84 21 DAVID
1775 2244 29 20 M.

1647 2274 49 21 The
1717 2275 307 26 Gilcrease-Hargrett
2043 2276 150 26 catalogue

1683 2306 31 20 of
1735 2306 146 25 imprints.
1923 2306 48 20 See
1992 2306 147 27 HARGRETT,
1683 2335 114 25 LESTER,
1820 2340 78 20 comp.

1637 2368 170 22 Historical
1827 2372 83 19 atlas
1932 2371 32 20 of
1980 2373 116 20 Kansas.
2134 2373 50 21 See

1671 2397 184 28 SOCOLOFSKY,
1877 2400 85 21 HOMER
1980 2402 115 20 EDWARD.

1632 2436 49 20 The
1704 2437 98 21 Indian
1821 2438 170 27 background
2011 2440 33 19 of
2062 2439 133 22 colonial

1666 2464 133 22 Yucatan.
1839 2466 49 21 See
1908 2466 79 27 ROYS,
2011 2466 83 21 RALPH
2113 2467 27 21 L.

1640 2498 34 22 An
1693 2500 100 21 Indian
1813 2500 114 21 Canaan:
1950 2501 82 21 Isaac
2051 2501 84 25 McCoy
2154 2501 48 18 and
2222 2500 48 21 the

1675 2529 100 21 vision
1795 2529 31 20 of
1846 2535 32 15 an
1898 2529 101 21 Indian
2018 2529 96 21 state.
2153 2531 48 19 See

1674 2557 132 26 SCHULTZ,
1828 2558 102 21 GEORGE
1948 2559 29 21 A.

1628 2590 53 21 Jim
1698 2589 184 26 Beckwourth,
1904 2588 84 21 black
2007 2587 135 22 mountain
2160 2591 51 16 man

1664 2619 49 21 and
1732 2624 51 14 war
1803 2618 83 21 chief
1905 2617 32 20 of
1957 2617 48 21 the
2025 2617 96 20 Crows,
2161 2616 48 19 See

1664 2646 115 27 WILSON,
1801 2646 114 22 ELINOR.

1625 2679 100 22 Kansas
1744 2681 199 27 place-names.
1986 2682 47 22 See
2053 2682 131 28 RYDJORD,

1660 2710 78 21 JOHN.

1627 2737 17 20 A
1664 2738 135 26 literary
1818 2739 134 26 approach
1973 2741 31 20 to
2024 2741 48 19 the
2091 2741 50 20 New

1663 2767 165 22 Testament.
1869 2769 48 19 See
1938 2768 165 27 PRITCHARD,
2124 2770 69 20 JOHN

1664 2796 78 22 PAUL.

1630 2819 101 21 London
1751 2820 31 20 in
1802 2820 47 21 the
1870 2826 47 20 age
1938 2821 32 21 of
1990 2822 130 21 Chaucer.
2159 2823 48 19 See

1663 2848 98 26 MYERS,
1782 2848 155 22 ALEXANDER
1955 2849 148 22 REGINALD.

1640 2877 66 24 Maya
1726 2877 203 26 hieroglyphic
1948 2878 130 25 writing:
2102 2884 32 16 an

1676 2904 214 22 introduction.
1933 2907 47 20 See
2000 2908 148 27 THOMPSON,
2171 2910 27 19 J.
1674 2933 68 22 ERIC
1761 2934 26 22 S.
