2396 3229
2138 69 42 24 185

72 199 231 31 (International
325 200 97 20 series
444 199 31 20 of
493 200 171 24 monographs

68 231 31 20 in
116 235 66 20 pure
202 229 49 20 and
271 227 118 27 applied
407 227 202 26 mathematics,

88 254 469 31 v.102) © T. S. Blyth & M. F.
66 287 148 24 Janowitz;
236 285 132 26 20Apr72;
390 281 149 28 AI-13046.

9 329 90 26 BLYTHE,
121 327 83 22 CLYDE
222 327 29 22 D.
292 325 48 23 See

23 357 109 26 EDMOND,
155 357 131 26 GUTHRIE,
309 354 97 27 OKLA.,
430 355 186 21 CRISS-CROSS

54 385 151 23 NUMERICAL
222 384 167 23 DIRECTORY.

35 422 32 20 EL
83 421 79 26 RENO,
185 420 149 27 OKLAHOMA,
358 420 153 21 INCLUDING
527 421 53 21 ALL
598 421 33 19 OF

69 448 133 22 CANADIAN
221 449 113 26 COUNTY,
359 448 185 21 CRISS-CROSS

68 478 152 21 NUMERICAL
237 477 166 27 DIRECTORY,
427 478 61 19 INC.

25 515 110 27 NORMAN,
156 515 98 26 OKLA.,
278 514 152 21 INCLUDING
449 513 52 21 ALL
519 513 33 21 OF

57 544 150 20 CLEVELAND
225 544 51 20 AND
292 542 121 22 MCCLAIN
433 542 149 27 COUNTIES,

57 573 183 21 CRISS-CROSS
260 571 155 22 NUMERICAL
431 571 167 21 DIRECTORY.

6 627 105 25 BLYTON,
133 625 81 21 ENID.

36 658 72 18 Bourn:
135 655 29 20 le
185 654 84 26 petit
290 653 129 21 tambour.
462 651 94 21 Illus.
582 650 30 21 de

67 684 98 20 Alexis
188 682 145 22 Oussenko.
378 677 111 29 [Paris]
511 679 149 21 Hachette.

101 708 14 24 118
135 718 27 16 p.
208 708 215 31 (Bibliotheque
451 713 72 17 rose.
69 708 562 60 Minirose;

185 740 79 26 Appl.
289 738 131 22 authors:
443 738 66 20 Anne
528 736 121 27 Dagbert
667 739 16 18 &

67 770 98 21 Alexis
187 768 146 22 Oussenko.
375 767 43 20 NM:
445 765 187 21 translation
650 767 16 18 &

68 794 489 26 illus. © Librairie Hachette;
67 827 129 25 23Mar72;
288 820 97 29 AF0-68813.

15 867 44 21 Les
80 865 65 26 cinq
164 871 33 15 an
216 866 49 21 bal
285 865 47 21 des
354 865 130 25 espions.

45 895 132 21 Racontee
199 900 48 20 par
268 895 99 21 Claude
386 895 133 24 Voilier,
542 895 84 25 pseud.

46 924 31 20 of
94 924 101 20 Andree
217 924 130 21 Labedan.
389 925 99 24 Images
509 924 30 20 de
560 925 68 21 Jean

46 952 127 22 Sidobre.
216 953 97 26 Paris,
335 953 148 20 Hachette.
527 949 48 25 186
595 958 26 21 p.

50 979 42 30 (Le
112 982 66 20 Club
198 983 48 20 des
268 978 80 32 cinq)
392 978 216 31 (Bibliotheque

46 1007 79 30 rose)
162 1011 48 20 NM:
233 1010 102 22 French
354 1010 66 20 text
440 1011 17 20 &
476 1010 95 22 illus.

80 1035 474 31 © Librairie Hachette; 24Nov71;
114 1064 95 29 AF0-67895.

20 1102 147 20 Histoires
188 1101 30 20 de
240 1101 33 20 la
290 1100 66 27 pipe
377 1105 33 15 en
431 1100 94 21 terre.
568 1101 95 20 Illus.

52 1130 30 19 de
104 1131 96 20 Jeanne
221 1130 97 21 Hives.
361 1130 96 24 Paris,
480 1129 148 21 Hachette.

53 1155 44 27 183
118 1165 28 19 p.
193 1156 145 31 (Nouvelle
359 1158 204 26 bibliotheque
584 1163 79 17 rose.

51 1186 148 30 Minirose)
239 1188 80 26 Appl.
344 1187 129 21 authors:
499 1188 98 20 Jeanne

51 1217 302 26 Fournier-Pargoire,
379 1216 168 20 translator
566 1219 16 18 &

53 1247 95 19 Jeanne
170 1247 97 23 Hives,
290 1245 199 21 illustrator.
532 1246 44 20 NM:

53 1273 562 22 translation & illus. © Librairie
51 1303 147 26 Hachette;
223 1302 129 27 15Sep71;
444 1298 97 24 AF0-68264.

21 1333 64 25 Jojo
105 1333 82 25 Lapin
207 1333 66 20 fait
293 1332 49 21 des
362 1332 114 20 farces.
518 1331 97 22 Illus.

54 1363 29 19 de
104 1363 98 19 Jeanne
224 1361 97 21 Hives.
365 1358 112 29 [Paris]
499 1360 151 22 Hachette.

70 1387 32 24 182
119 1396 29 20 p.
194 1387 148 31 (Nouvelle
361 1390 205 25 bibliotheque
586 1394 81 16 rose.

52 1419 147 28 Minirose)
239 1419 82 26 Appl.
345 1419 130 20 authors:
52 1419 548 50 Marie-France

171 1448 188 26 Costargeant
384 1445 195 29 (translator)
601 1447 17 20 &

53 1478 98 20 Jeanne
171 1478 83 20 Hives
280 1474 126 31 (illus.)
447 1477 45 20 NM:
54 1476 545 51 translation

169 1504 361 23 & illus. © Librairie
52 1535 147 25 Hachette;
225 1534 129 26 27Nov71;
448 1529 97 24 AF0-68128.

19 1571 30 19 Le
66 1570 119 25 mystere
205 1569 31 19 de
257 1567 83 21 l'ile
360 1565 96 20 verte.
499 1563 96 21 Illus.
619 1562 31 21 de

53 1600 115 23 Jacques
188 1596 132 21 Fromont.
361 1594 98 24 Paris,
480 1592 150 21 Hachette.

53 1623 49 25 184
120 1633 28 20 p.
194 1624 96 29 (Serie
309 1624 119 25 Mystere
448 1622 66 20 Enid
535 1617 114 31 Blyton)

58 1654 215 30 (Bibliotheque
295 1650 79 31 rose)
414 1651 79 26 Appl.
518 1651 130 19 authors:

55 1686 98 20 Claude
172 1683 133 25 Voilier,
329 1681 170 21 translator
517 1680 16 19 &

53 1715 117 24 Jacques
191 1711 130 22 Fromont.
362 1710 46 20 NM:
433 1708 186 21 translation
639 1709 16 18 &

55 1738 492 26 illus. © Librairie Hachette;
56 1771 129 27 15Feb72;
278 1765 84 29 AF0-68552.

12 1804 46 19 The
79 1803 98 20 Secret
199 1803 84 19 Seven
302 1801 48 21 and
371 1800 47 20 the
437 1799 119 21 bonfire

45 1832 163 20 adventure.
249 1830 137 21 American
404 1829 45 21 ed.
474 1828 118 22 revised
612 1829 16 19 &

46 1861 97 21 edited
162 1862 34 24 by
214 1861 28 21 M.
267 1859 100 26 Hughes
386 1858 115 21 Miller.
544 1857 96 21 Illus.

45 1891 31 24 by
95 1891 50 19 Tom
164 1888 183 26 Dunnington.
386 1888 134 25 Chicago,

45 1919 149 20 Childrens
216 1918 96 21 Press.
353 1912 49 25 126
420 1922 30 19 p.
496 1913 113 31 (Secret

46 1949 81 19 Seven
147 1943 183 31 adventures)
371 1944 136 26 Original
526 1944 97 21 title:

46 1977 99 20 Secret
165 1978 83 19 Seven
266 1975 167 21 fireworks.
474 1973 79 26 Appl.

45 2006 129 20 authors:
198 2005 66 20 Enid
284 2004 103 26 Blyton
405 2003 17 19 &
440 2002 206 25 Regensteiner

46 2035 60 20 Pub.
130 2033 200 26 Enterprises,
355 2033 79 23 Inc.,
457 2031 136 25 employer

46 2062 47 21 for
111 2063 68 20 hire
200 2063 31 19 of
252 2061 198 21 illustrator.
491 2060 80 25 Appl.

47 2091 97 20 states
164 2097 80 20 prev.
267 2091 63 25 pub.
354 2090 101 19 abroad
476 2082 79 30 1949.
595 2089 46 20 NM:

47 2119 566 51 new artwork & revisions. © Regensteiner
185 2151 61 20 Pub.
270 2149 201 26 Enterprises,
495 2150 78 24 Inc.;

47 2178 130 26 15Jan72;
201 2173 131 30 A312567.

21 2214 47 19 The
88 2211 100 22 Secret
208 2211 85 21 Seven
310 2211 51 20 and
380 2210 48 20 the
449 2214 66 15 case
535 2208 33 20 of
587 2208 49 20 the

55 2242 49 25 dog
123 2242 96 20 lover.
259 2239 138 22 American
416 2238 44 21 ed.
485 2237 117 21 revised
622 2238 16 17 &

56 2270 97 20 edited
172 2271 34 24 by
224 2270 29 20 M.
277 2268 100 26 Hughes
396 2266 116 21 Miller.
555 2266 95 20 Illus.

54 2300 33 24 by
105 2300 51 19 Tom
174 2297 183 26 Dunnington.
398 2296 133 25 Chicago,

55 2328 151 20 Childrens
228 2327 96 21 Press.
365 2321 48 24 126
432 2330 29 20 p.
506 2321 115 30 (Secret

57 2356 83 21 Seven
158 2352 184 31 adventures)
383 2353 135 25 Original
537 2353 97 19 title:

57 2386 83 19 Shock
158 2385 48 20 for
227 2385 48 20 the
296 2383 100 21 Secret
417 2383 97 19 Seven.
554 2381 80 25 Appl.

57 2414 128 20 authors:
210 2413 65 21 Enid
296 2412 102 26 Blyton
417 2412 16 19 &
451 2409 206 26 Regensteiner

58 2444 60 20 Pub.
141 2441 202 26 Enterprises,
366 2441 80 24 Inc.,
469 2439 136 25 employer
624 2438 50 20 for

57 2471 64 20 hire
143 2471 31 20 of
195 2469 199 22 illustrator.
434 2468 80 25 Appl.
540 2468 99 20 states

57 2504 80 20 prev.
159 2499 62 25 pub.
247 2497 100 21 abroad
367 2491 67 29 1949.
487 2496 45 19 NM:
554 2501 53 16 new

56 2527 617 27 artwork & revisions. © Regensteiner
57 2558 61 21 Pub.
140 2557 202 26 Enterprises,
366 2557 78 25 Inc.;
469 2556 131 26 15Jan72;

56 2582 130 29 A312561.

16 2616 49 21 The
85 2618 99 19 Secret
204 2618 84 20 Seven
307 2616 49 20 and
376 2616 48 20 the
445 2621 65 15 case
532 2616 31 19 of
584 2616 49 20 the

48 2645 120 26 missing
184 2646 117 21 medals.
342 2645 136 20 American
498 2645 45 21 ed.

50 2675 117 20 revised
187 2676 16 19 &
223 2674 99 22 edited
341 2675 33 24 by
393 2675 28 20 M.
444 2674 101 25 Hughes

49 2702 114 23 Miller.
206 2703 95 21 Illus.
323 2703 34 24 by
376 2703 51 20 Tom
445 2702 184 25 Dunnington.

50 2730 131 27 Chicago,
204 2731 151 21 Childrens
377 2732 97 20 Press.
515 2731 49 20 122
583 2737 29 19 p.

56 2757 111 30 (Secret
188 2761 84 20 Seven
291 2757 184 31 adventures)
515 2760 136 25 Original

52 2788 95 21 title:
171 2790 67 19 Look
256 2790 49 20 out
326 2789 101 19 Secret
447 2789 97 20 Seven.
584 2789 81 25 Appl.

53 2818 128 21 authors:
205 2818 67 20 Enid
291 2817 102 26 Blyton
413 2818 16 19 &
447 2817 205 25 Regensteiner

54 2846 60 20 Pub.
137 2845 201 27 Enterprises,
362 2846 79 25 Inc.,
465 2846 136 25 employer

54 2874 48 20 for
119 2875 67 20 hire
207 2876 31 19 of
259 2875 199 22 illustrator.
498 2876 81 32 Appl.

55 2903 96 21 states
171 2909 80 19 prev.
274 2904 64 26 pub.
361 2904 101 20 abroad
482 2904 80 24 1949.
603 2905 45 19 NM:

795 199 568 52 new artwork & revisions. © Regensteiner
934 230 62 21 Pub.
1019 229 201 26 Enterprises,
1245 230 78 25 Inc.;
796 258 131 27 15Jan72;
950 258 132 25 A312570.

776 295 49 20 The
848 294 98 21 Secret
969 296 82 19 seven
1069 293 49 20 and
1138 293 48 21 the
1207 297 65 17 case
1294 293 31 20 of
1344 293 49 20 the

809 323 84 20 music
915 321 96 22 lover.
1052 322 136 21 American
1208 322 44 22 ed.
1277 322 117 20 revised

811 353 16 19 &
846 351 100 21 edited
965 352 34 24 by
1016 352 30 20 M.
1070 351 99 25 Hughes
1188 350 116 22 Miller.

812 379 187 22 Illustrated
1017 380 33 24 by
1070 380 50 20 Tom
1138 379 183 24 Dunnington.

811 408 533 25 Chicago, Childrens Press. 125 p.
818 433 112 31 (Secret
952 434 83 22 Seven
1054 433 183 30 adventures)
1278 435 135 25 Original

813 464 95 22 title:
934 464 100 20 Puzzle
1055 465 48 19 for
1123 464 48 20 the
1193 464 99 19 Secret
1314 465 95 20 Seven.

812 494 80 26 Appl.
917 494 130 20 authors:
1071 494 67 19 Enid
1157 494 103 24 Blyton
1278 494 16 18 &

813 523 205 25 Regensteiner
1039 523 61 21 Pub.
1123 523 201 24 Enterprises,
1348 522 80 24 Inc.,

813 551 135 26 employer
969 552 48 19 for
1036 551 67 20 hire
1124 551 32 21 of
1176 551 199 21 illustrator.

812 581 81 25 Appl.
918 580 99 20 states
1036 585 81 20 prev.
1140 581 63 24 pub.
1227 580 101 21 abroad
1348 574 79 29 1949.

817 619 45 20 NM:
887 616 171 22 additional
1077 616 120 20 artwork
1214 616 16 18 &
1249 615 164 20 revisions,

853 644 511 27 © Regensteiner Pub. Enterprises,
820 676 78 25 Inc.;
938 673 115 26 15Jan72;
1076 673 132 26 A312559.

781 712 47 20 The
851 709 100 22 Secret
971 709 85 21 Seven
1074 708 50 20 and
1143 707 50 21 the
1212 711 67 16 case
1300 706 31 20 of
1351 705 47 20 the

817 739 49 20 old
883 738 100 21 horse.
1022 735 137 22 American
1180 736 43 21 ed.
1247 734 118 21 revised
1386 734 15 19 &

818 766 100 22 edited
936 766 34 25 by
987 766 29 21 M.
1039 765 101 25 Hughes
1159 763 116 22 Miller.
816 762 583 56 Illustrated

935 796 35 24 by
988 795 51 20 Tom
1058 793 184 26 Dunnington.
1282 792 132 24 Chicago,

816 818 567 32 Childrens Press. 125 p. (Secret
818 854 84 21 Seven
920 849 184 30 adventures)
1146 850 135 26 Original
1300 849 96 21 title:

817 885 51 19 Fun
887 882 49 21 for
956 882 48 20 the
1025 881 100 20 Secret
1146 881 96 20 Seven.
1283 878 80 26 Appl.

817 911 131 22 authors:
972 910 67 20 Enid
1059 909 103 26 Blyton
1180 909 16 19 &
1215 908 205 25 Regensteiner

819 942 62 20 Pub.
904 939 202 25 Enterprises,
1131 938 78 25 Inc.,
1232 935 136 27 employer
1388 936 48 19 for

816 970 68 20 hire
906 968 31 20 of
958 967 199 21 illustrator.
1197 966 81 26 Appl.
1303 965 99 21 states

818 1003 81 21 prev.
921 997 65 25 pub.
1009 995 100 21 abroad
1130 989 67 31 1949.
1250 995 45 20 NM:
1318 999 53 15 new

820 1026 620 29 artwork & revisions. © Regensteiner
821 1064 62 20 Pub.
906 1060 202 25 Enterprises,
1132 1059 79 25 Inc.;
1235 1055 131 26 15Jan72;

819 1090 133 27 A312571.

773 1121 48 19 The
845 1118 98 22 Secret
966 1119 82 21 Seven
1067 1120 49 20 and
1135 1120 49 20 the
1205 1126 66 15 case
1292 1122 30 19 of
1343 1122 49 20 the

809 1148 101 22 stolen
928 1153 63 17 car.
1031 1149 138 20 American
1188 1151 45 21 ed.
1258 1150 117 20 revised
1395 1151 16 19 &

808 1177 101 21 edited
927 1178 35 24 by
979 1178 29 21 M.
1033 1178 99 24 Hughes
1152 1179 115 21 Miller.
1310 1179 95 22 Illus.

806 1207 33 24 by
859 1206 51 20 Tom
928 1206 184 25 Dunnington.
1153 1207 132 26 Chicago,

807 1233 153 22 Childrens
981 1235 97 22 Press.
1119 1235 48 21 121
1187 1242 28 19 p.
1262 1234 112 30 (Secret

809 1263 83 20 Seven
910 1261 185 29 adventures)
1135 1263 84 21 First
1239 1265 63 24 pub.
1325 1270 30 15 as

809 1292 64 19 Good
891 1291 71 21 work
981 1290 100 22 Secret
1102 1291 96 23 Seven.
1239 1293 80 26 Appl.

807 1318 131 23 authors:
961 1319 67 20 Enid
1048 1320 103 25 Blyton
1169 1321 17 19 &
1203 1322 205 24 Regensteiner

808 1348 62 21 Pub.
893 1347 200 27 Enterprises,
1118 1348 81 26 Inc.,
1221 1349 136 25 employer
1377 1350 48 19 for

806 1376 65 21 hire
893 1375 32 21 of
945 1376 200 22 illustrator.
1185 1377 82 26 Appl.
1292 1378 97 20 states

804 1410 81 20 prev.
909 1405 63 25 pub.
996 1406 101 20 abroad
1117 1400 67 31 1949.
1238 1407 45 21 NM:
1305 1412 53 15 new

806 1438 618 28 artwork & revisions. © Regensteiner
807 1467 62 21 Pub.
892 1467 202 26 Enterprises,
1118 1468 78 26 Inc.;
1221 1468 130 27 15Jan72;

806 1491 132 30 A312562.

779 1529 49 20 The
850 1526 100 21 Secret
971 1526 83 20 Seven
1073 1525 49 21 and
1142 1525 49 21 the
1211 1525 100 21 circus

815 1556 165 21 adventure.
1021 1555 138 20 American
1178 1555 45 22 ed.
1246 1555 118 20 revised
1384 1556 16 18 &

815 1585 101 21 edited
934 1585 35 25 by
986 1585 29 21 M.
1039 1585 100 24 Hughes
1159 1583 116 23 Miller,
1317 1584 96 21 Illus.

813 1615 35 25 by
868 1615 50 20 Tom
936 1613 184 25 Dunnington.
1160 1613 133 25 Chicago,

815 1642 153 22 Childrens
990 1643 95 20 Press.
1127 1642 48 20 121
1194 1648 16 19 p.
1269 1639 114 30 (Secret

817 1673 83 20 Seven
919 1668 185 30 adventures)
1144 1670 83 21 First
1247 1670 63 26 pub.
1334 1676 31 15 as

817 1701 100 21 Secret
938 1701 84 19 Seven
1041 1700 168 21 adventure.
1247 1699 81 25 Appl.

816 1729 131 21 authors:
971 1729 68 19 Enid
1058 1728 102 26 Blyton
1179 1729 16 18 &
1214 1726 205 27 Regensteiner

818 1759 60 21 Pub.
903 1757 201 26 Enterprises,
1129 1757 79 26 Inc.,
1232 1757 135 25 employer
1387 1757 48 19 for

816 1788 67 20 hire
904 1787 31 19 of
956 1786 199 22 illustrator.
1196 1785 80 26 Appl.
1301 1786 98 20 states

816 1822 80 20 prev.
919 1816 64 25 pub.
1007 1814 100 21 abroad
1127 1810 68 29 1949.
1249 1815 44 20 NM:
1317 1819 51 15 new

817 1850 619 27 artwork & revisions. © Regensteiner
819 1883 60 20 Pub.
905 1880 201 26 Enterprises,
1130 1880 78 26 Inc.;
1233 1879 131 26 15Jan72;

817 1906 133 30 A312569.

770 1943 48 20 The
840 1942 100 21 Secret
961 1943 85 20 Seven
1064 1943 49 21 and
1134 1943 48 21 the
1203 1943 69 26 grim
1291 1945 113 20 secret.

804 1972 137 21 American
961 1972 45 21 ed.
1031 1972 117 21 revised
1168 1973 17 20 &
1204 1972 100 21 edited
1323 1974 33 24 by

803 2001 68 20 Mala
891 2002 100 20 Powers
1011 2000 116 22 Miller.
1170 2001 96 22 Illus.
1288 2002 34 25 by
1341 2003 51 19 Tom

804 2029 184 26 Dunnington.
1029 2030 134 25 Chicago,
1185 2030 152 21 Childrens

805 2059 97 22 Press.
943 2058 48 25 123
1012 2064 28 20 p.
1087 2057 113 30 (Secret
1221 2060 85 21 Seven

804 2085 185 30 adventures)
1029 2088 84 20 First
1133 2089 63 24 pub.
1220 2094 31 15 as
1271 2090 84 19 Three

804 2115 100 22 cheers
926 2116 49 19 for
996 2116 100 20 Secret
1117 2117 96 21 Seven.
1254 2116 80 26 Appl.

804 2143 131 22 authors:
960 2144 66 20 Enid
1046 2144 103 25 Blyton
1168 2145 16 19 &
1202 2145 205 26 Regensteiner

805 2174 61 21 Pub.
890 2173 203 27 Enterprises,
1118 2174 79 26 Inc.,
1221 2174 135 26 employer

804 2203 50 19 for
872 2202 67 21 hire
960 2202 34 20 of
1012 2202 202 23 illustrator.
1254 2203 82 26 Appl.

806 2230 99 22 states
925 2236 81 20 prev.
1030 2232 63 24 pub.
1117 2232 102 21 abroad
1239 2232 79 25 1949.
1359 2233 45 20 NM:

806 2263 571 50 new artwork & revisions. © Regensteiner
947 2293 61 21 Pub.
1031 2293 202 27 Enterprises,
1258 2295 78 26 Inc.;

806 2320 132 28 15Jan72;
962 2321 133 25 A312572.

769 2358 50 20 The
840 2357 100 20 Secret
963 2354 82 21 Seven
1064 2355 49 20 and
1133 2355 48 20 the
1201 2355 104 19 hidden
1323 2358 66 16 cave

805 2385 166 21 adventure.
1012 2384 137 20 American
1168 2384 45 21 ed.
1238 2383 116 20 revised
1375 2383 16 19 &

806 2414 101 21 edited
925 2414 33 24 by
976 2414 29 20 M.
1029 2413 101 24 Hughes
1150 2413 115 20 Miller.
1307 2412 95 20 Illus.

804 2444 33 24 by
857 2443 50 20 Tom
926 2442 184 24 Dunnington.
1150 2441 133 25 Chicago,

805 2471 152 21 Childrens
978 2471 97 21 Press.
1116 2470 49 21 121
1183 2475 30 21 p.
1258 2466 114 31 (Secret

807 2499 83 22 Seven
908 2496 185 30 adventures)
1133 2498 84 22 First
1235 2499 65 25 pub.
1324 2504 29 14 as

806 2528 100 21 Secret
927 2527 84 21 Seven
1028 2528 51 20 win
1099 2527 131 26 through.
1270 2527 81 26 Appl.

806 2557 129 21 authors:
959 2557 68 20 Enid
1046 2557 102 24 Blyton
1167 2557 17 20 &
1202 2556 205 26 Regensteiner

807 2588 60 20 Pub.
892 2586 200 26 Enterprises,
1116 2586 81 25 Inc.,
1220 2586 135 25 employer

805 2616 49 19 for
873 2615 68 20 hire
961 2615 31 19 of
1015 2614 197 21 illustrator.
1252 2614 81 26 Appl.

806 2643 99 21 states
925 2648 80 20 prev.
1028 2643 64 25 pub.
1115 2643 101 21 abroad
1237 2642 66 26 1949.
1357 2644 45 19 NM:

807 2673 567 52 new artwork & revisions. © Regensteiner
946 2703 61 21 Pub.
1030 2702 202 26 Enterprises,
1256 2702 78 25 Inc.;

807 2732 131 26 15Jan72;
961 2727 132 29 A312565.

774 2768 49 20 The
847 2767 97 22 Secret
968 2768 81 20 Seven
1068 2767 50 20 and
1137 2767 48 20 the
1204 2767 121 25 missing
1344 2767 66 25 girl

807 2796 135 26 mystery.
981 2797 138 19 American
1138 2796 45 22 ed.
1206 2796 119 21 revised
1344 2797 17 19 &

810 2824 102 22 edited
930 2825 34 25 by
982 2826 29 20 M.
1035 2825 100 25 Hughes
1155 2825 114 22 Miller.
1312 2826 81 20 Illus.

809 2854 32 25 by
862 2854 50 21 Tom
931 2853 183 25 Dunnington.
1155 2854 133 26 Chicago,

810 2882 152 21 Childrens
984 2883 96 21 Press.
1121 2883 50 20 121
1189 2889 29 19 p.
1264 2881 113 29 (Secret

812 2913 84 19 Seven
914 2909 184 29 adventures)
1137 2911 84 20 First
1241 2913 63 24 pub.
1328 2918 31 14 as

811 2940 100 20 Secret
933 2941 83 19 Seven
1032 2940 134 24 mystery.
1206 2941 235 24 Appl.authors:

1549 190 65 20 Enid
1635 190 101 25 Blyton
1755 192 17 19 &
1790 192 203 24 Regensteiner
2015 192 60 20 Pub.

1549 219 201 26 Enterprises,
1774 220 79 25 Inc.,
1876 219 134 26 employer
2030 220 49 20 for
2099 219 65 20 hire

1549 247 32 20 of
1602 247 198 22 illustrator.
1840 248 80 26 Appl.
1946 248 97 20 states
2063 253 80 21 prev.

1548 276 63 24 pub.
1635 276 101 20 abroad
1756 271 78 30 1949.
1876 276 43 21 NM:
1944 276 169 21 additional

1550 307 617 27 artwork & revisions. © Regensteiner
1552 337 61 21 Pub.
1636 337 201 27 Enterprises,
1862 339 77 24 Inc.;
1964 337 130 27 15Jan72;

1550 362 131 28 A312560.

1518 400 50 19 The
1589 399 101 20 Secret
1710 399 85 20 Seven
1813 399 50 20 and
1882 399 49 20 the
1950 399 121 24 mystery
2090 398 31 19 of

1555 427 49 20 the
1625 426 84 25 empty
1726 426 99 21 house.
1865 427 137 20 American
2022 426 45 21 ed.

1556 455 118 20 revised
1694 455 16 19 &
1729 454 100 21 edited
1848 456 33 23 by
1900 456 28 20 M.
1952 455 100 24 Hughes

1554 483 116 21 Miller.
1711 484 97 21 Illus.
1830 484 34 25 by
1883 485 51 18 Tom
1952 482 184 26 Dunnington.

1555 512 133 25 Chicago,
1711 512 152 21 Childrens
1885 513 95 21 Press.
2023 512 48 20 121
2090 516 29 21 p.

1561 538 113 30 (Secret
1695 541 83 20 Seven
1798 538 184 30 adventures)
2022 540 83 21 First

1555 570 64 25 pub.
1642 575 31 14 as
1694 569 49 21 The
1765 570 99 21 Secret
1885 570 95 21 Seven.
2021 568 81 27 Appl.

1556 598 131 21 authors:
1711 598 67 20 Enid
1797 599 102 24 Blyton
1919 599 16 19 &
1953 598 206 25 Regensteiner

1557 627 62 21 Pub.
1643 627 201 26 Enterprises,
1867 628 80 24 Inc.,
1972 626 135 26 employer
2127 626 48 20 for

1555 655 67 20 hire
1643 655 32 20 of
1696 655 199 22 illustrator.
1935 656 80 25 Appl.
2042 655 98 21 states

1556 688 80 21 prev.
1659 684 50 25 pub
1715 698 8 12 t
1747 684 101 21 abroad
1867 680 67 29 1949.
1988 685 45 20 NM:
2056 688 53 17 new

1557 714 618 30 artwork & revisions. © Regensteiner
1558 744 60 21 Pub.
1643 745 201 27 Enterprises,
1868 748 78 25 Inc.;
1970 747 131 27 15Jan72;

1555 772 133 25 A312573.

1524 808 49 20 The
1594 808 100 20 Secret
1715 809 85 21 Seven
1818 811 49 19 and
1886 810 48 21 the
1956 811 49 20 old
2025 812 65 20 fort

1559 837 165 21 adventure.
1765 838 138 21 American
1922 840 44 21 ed.
1991 839 117 22 revised
2127 841 16 19 &

1559 865 101 21 edited
1679 867 33 24 by
1730 866 68 22 Mala
1818 868 99 21 Powers
1937 869 115 21 Miller.
2094 868 96 22 Illus.

1557 894 34 25 by
1610 895 50 19 Tom
1679 895 183 26 Dunnington.
1903 898 132 25 Chicago,

1558 923 152 21 Childrens
1732 925 95 22 Press.
1869 925 47 25 123
1937 932 29 20 p.
2012 923 124 31 (Secret.

1559 953 85 20 Seven
1662 951 184 31 adventures)
1887 956 135 25 Original
2041 955 96 23 title:

1559 981 65 20 Good
1645 981 49 20 old
1714 982 100 21 Secret
1835 984 96 21 Seven.
1971 985 80 25 Appl.

1557 1010 132 21 authors:
1712 1011 69 21 Enid
1799 1011 104 26 Blyton
1920 1013 17 19 &
1955 1012 205 25 Regensteiner

1560 1039 61 21 Pub.
1645 1039 201 27 Enterprises,
1870 1042 80 24 Inc.,
1974 1040 134 27 employer
2128 1042 49 20 for

1557 1067 67 20 hire
1646 1068 31 19 of
1699 1067 198 24 illustrator.
1937 1071 81 25 Appl.
2043 1071 98 21 states

1558 1101 80 20 prev.
1661 1097 63 25 pub.
1749 1099 100 20 abroad
1869 1093 79 31 1949.
1990 1101 44 20 NM:
2059 1105 51 16 new

1559 1128 618 30 artwork & revisions. © Regensteiner
1559 1158 61 20 Pub.
1644 1158 202 27 Enterprises,
1869 1161 78 26 Inc.;
1972 1161 119 26 15Jan72;

1593 1182 97 29 A312566.

1528 1221 49 20 The
1601 1219 98 22 Secret
1722 1221 82 20 Seven
1823 1222 48 20 and
1892 1222 48 20 the
1961 1221 134 21 railroad

1560 1250 135 23 mystery.
1735 1250 138 20 American
1893 1251 43 19 ed.
1961 1251 117 19 revised
2099 1250 16 18 &

1564 1277 99 21 edited
1683 1278 35 25 by
1734 1278 30 21 M.
1789 1279 98 24 Hughes
1909 1278 113 22 Miller.
2066 1277 95 22 Illus.

1562 1306 35 24 by
1614 1306 52 21 Tom
1684 1306 184 26 Dunnington.
1908 1307 132 25 Chicago,

1563 1334 152 22 Childrens
1736 1335 98 22 Press.
1874 1336 50 20 122
1943 1341 29 20 p.
2017 1332 113 31 (Secret

1566 1363 82 20 Seven
1666 1362 186 29 adventures)
1891 1365 83 20 First
1994 1365 63 25 pub.
2081 1369 31 16 as

1564 1391 100 20 Secret
1687 1392 83 20 Seven
1788 1396 33 16 on
1839 1393 50 19 the
1909 1392 97 21 trail.
2046 1391 81 26 Appl.

1563 1420 131 20 authors:
1718 1420 67 20 Enid
1804 1420 101 26 Blyton
1926 1421 16 19 &
1960 1420 205 26 Regensteiner

1565 1449 61 20 Pub.
1650 1449 201 26 Enterprises,
1876 1450 79 25 Inc.,
1979 1449 134 26 employer
2133 1449 49 19 for

1562 1477 67 21 hire
1650 1478 31 19 of
1702 1478 200 22 illustrator.
1942 1479 81 25 Appl.
2049 1478 98 21 states

1562 1511 81 20 prev.
1666 1507 63 24 pub.
1753 1507 101 21 abroad
1875 1503 66 29 1949.
1995 1508 44 21 NM:
2063 1512 51 16 new

1564 1540 619 26 artwork & revisions. © Regensteiner
1565 1573 62 20 Pub.
1650 1571 202 26 Enterprises,
1876 1572 79 25 Inc.;
1980 1569 130 26 15Jan72;

1563 1596 134 29 A312563.

1531 1636 49 20 The
1602 1635 100 20 Secret
1723 1635 84 21 Seven
1826 1635 49 20 and
1895 1635 48 20 the
1964 1634 66 20 tree
2048 1633 84 21 house

1567 1664 166 21 adventure.
1773 1664 137 20 American
1930 1663 45 21 ed.
1999 1662 118 21 revised
2136 1662 16 19 &

1568 1693 100 20 edited
1687 1693 34 25 by
1739 1693 29 21 M.
1791 1693 101 24 Hughes
1911 1692 116 21 Miller.
1567 1690 584 52 Illustrated

1687 1722 34 25 by
1740 1723 51 19 Tom
1809 1722 184 24 Dunnington.
2033 1719 133 26 Chicago,

1567 1751 152 20 Childrens
1741 1751 96 21 Press.
1879 1750 49 20 121
1947 1756 29 20 p.
2021 1746 113 31 (Secret

1569 1781 84 19 Seven
1672 1777 184 30 adventures)
1895 1779 83 20 First
1998 1779 64 25 pub.
2086 1782 31 16 as

1567 1809 68 20 Well
1655 1809 65 19 done
1742 1808 100 21 Secret
1863 1809 96 20 Seven.
1999 1807 81 26 Appl.

1568 1838 131 21 authors:
1722 1837 69 21 Enid
1811 1837 100 25 Blyton
1931 1837 15 20 &
1966 1835 205 26 Regensteiner

1569 1867 62 21 Pub.
1653 1866 203 26 Enterprises,
1881 1866 79 25 Inc.,
1983 1864 136 26 employer

1568 1896 50 19 for
1636 1895 68 20 hire
1724 1895 32 20 of
1777 1894 198 21 illustrator.
2017 1892 80 27 Appl.

1569 1924 100 20 states
1688 1928 82 21 prev.
1792 1923 64 26 pub.
1880 1923 100 20 abroad
2001 1921 79 25 1949.
2121 1921 45 20 NM:

1570 1955 569 49 new artwork & revisions. © Regensteiner
1709 1985 62 21 Pub.
1794 1984 201 27 Enterprises,
2020 1985 79 27 Inc.;

1570 2012 132 28 15Jan72;
1724 2009 133 30 A312568.

1536 2050 48 20 The
1607 2050 100 20 Secret
1729 2051 83 20 Seven
1832 2049 48 26 get
1900 2049 84 20 their
2002 2054 65 16 man.

1570 2079 139 19 American
1728 2078 44 21 ed.
1798 2077 117 21 revised
1936 2079 16 18 &
1971 2077 100 21 edited
2090 2077 34 25 by

1570 2107 29 20 M.
1623 2106 101 25 Hughes
1744 2105 115 22 Miller.
1901 2106 97 20 Illus.
2020 2106 42 24 by
2074 2105 50 20 Tom

1572 2134 183 25 Dunnington.
1796 2134 133 25 Chicago,
1952 2132 153 22 Childrens

1573 2163 96 20 Press.
1711 2162 50 20 121
1779 2168 29 19 p.
1853 2160 115 30 (Secret
1989 2162 84 20 Seven

1572 2188 186 31 adventures)
1798 2192 84 20 First
1900 2191 65 25 pub.
1989 2196 31 15 as
2041 2191 33 19 Go
2092 2188 85 22 ahead

1574 2220 100 20 Secret
1696 2221 95 20 Seven.
1832 2220 81 25 Appl.
1937 2220 131 20 authors:
2092 2217 68 22 Enid

1574 2249 101 25 Blyton
1695 2249 16 19 &
1730 2249 206 24 Regensteiner
1956 2249 61 20 Pub.
1572 2247 554 56 Enterprises,

1713 2278 79 26 Inc.,
1816 2278 136 25 employer
1972 2278 50 19 for
2040 2276 67 21 hire
2129 2275 31 20 of

1575 2306 200 23 illustrator.
1815 2307 81 25 Appl.
1922 2307 98 20 states
2041 2310 80 21 prev.
2144 2304 63 25 pub.

1574 2336 101 20 abroad
1695 2330 67 30 1949.
1817 2337 44 20 NM:
1885 2341 51 15 new
1955 2335 120 21 artwork
2094 2334 16 19 &

1575 2362 530 28 revisions. © Regensteiner Pub.
1575 2395 202 25 Enterprises,
1802 2395 78 24 Inc.;
1905 2392 131 26 15Jan72;

1575 2419 132 30 A312564.

1493 2475 86 22 B'NAI
1598 2475 116 21 B'RITH.
1752 2474 67 20 ANTI
1824 2472 152 22 -DEFAMATI
1980 2472 29 20 ON
2030 2470 114 22 LEAGUE.

1531 2505 47 19 See
1596 2502 259 21 ANTI-DEFAMATION
1875 2501 114 20 LEAGUE.

1494 2542 84 26 B'NAI
1596 2542 103 23 B'RITH
1718 2542 102 21 CAREER
1838 2542 16 19 &
1874 2540 170 22 COUNSELING

1529 2574 148 22 SERVICES.

1529 2604 117 20 Careers
1666 2603 34 19 in
1717 2601 131 27 physics.
1892 2601 47 19 See
1961 2599 131 25 JOHNSON,

1562 2632 105 21 WILBUR
1682 2632 30 21 V.

1522 2661 117 20 Careers
1662 2661 31 19 in
1714 2661 135 26 teaching
1867 2663 49 19 and
1936 2661 165 21 education.

1556 2690 49 20 See
1625 2691 98 25 EISEN,
1747 2691 114 21 IRVING.

1500 2727 84 24 B'NAI
1603 2729 114 22 B'RITH.
1759 2729 172 22 COMMISSION
1949 2729 32 21 ON
1999 2728 85 22 ADULT

1535 2761 101 20 JEWISH
1656 2760 165 21 EDUCATION.

1535 2789 121 21 Judaism
1672 2789 50 20 and
1740 2789 87 20 human
1844 2789 116 25 rights.
2001 2789 49 20 See

1570 2818 132 26 KONVITZ,
1724 2818 103 20 MILTON
1846 2818 46 25 R.,
1916 2818 44 20 ed.

1497 2855 84 25 B'NAI
1601 2858 112 22 B'RITH.
1757 2861 223 21 INTERNATIONAL
1997 2861 129 23 COUNCIL.

1531 2888 137 26 Defining
1688 2891 170 23 aggression
1877 2896 31 14 as
1929 2896 16 15 a
1961 2897 84 15 means
2066 2891 32 20 to

1566 2922 97 20 peace.
1704 2919 49 20 See
1772 2920 132 26 FERENCZ,
1928 2921 136 20 BENJAMIN
2082 2921 26 21 B.
