<alto xmlns="http://www.loc.gov/standards/alto/ns-v3#" xmlns:xlink="http://www.w3.org/1999/xlink" xmlns:xsi="http://www.w3.org/2001/XMLSchema-instance" xsi:schemaLocation="http://www.loc.gov/standards/alto/ns-v3# http://www.loc.gov/alto/v3/alto-3-0.xsd"><Description>
<MeasurementUnit>pixel</MeasurementUnit>
<sourceImageInformation>
<fileName>1972_v26_2.pdf</fileName>
</sourceImageInformation>
<OCRProcessing ID="IdOcr">
<ocrProcessingStep>
<processingDateTime>2020-06-26</processingDateTime>
<processingSoftware>
<softwareCreator>ABBYY</softwareCreator>
<softwareName>ABBYY Recognition Server</softwareName>
<softwareVersion>4.0</softwareVersion>
</processingSoftware>
</ocrProcessingStep>
</OCRProcessing>
</Description>
<Styles>
<ParagraphStyle ID="StyleId-FFFFFFFF-FFFF-FFFF-FFFF-FFFFFFFFFFFF-" ALIGN="Left" LEFT="0." RIGHT="0." FIRSTLINE="0."/>
<ParagraphStyle ID="StyleId-A8FB3759-1972-4273-9478-80D942DE3FB9-" ALIGN="Left" LEFT="0." RIGHT="0." FIRSTLINE="0." LINESPACE="17.52000046"/>
<ParagraphStyle ID="StyleId-097DE5D5-38DA-4710-B1D8-6B9C62BF05EE-" ALIGN="Center" LEFT="0." RIGHT="0." FIRSTLINE="0." LINESPACE="15.5"/>
<ParagraphStyle ID="StyleId-C36446E9-6671-40BE-8E1A-373B0AA9E5C4-" ALIGN="Center" LEFT="0." RIGHT="0." FIRSTLINE="0." LINESPACE="12.19999981"/>
<ParagraphStyle ID="StyleId-2E56792C-5E97-4C84-AEF0-BD293EB50114-" ALIGN="Left" LEFT="0." RIGHT="0." FIRSTLINE="-11." LINESPACE="6.71999979"/>
<ParagraphStyle ID="StyleId-72CFFFBD-FF30-4C79-8018-9B7F507D3551-" ALIGN="Left" LEFT="0." RIGHT="0." FIRSTLINE="-13." LINESPACE="6.71999979"/>
<ParagraphStyle ID="StyleId-450B5F75-213A-4DF5-A6F5-6009416A0793-" ALIGN="Left" LEFT="0." RIGHT="0." FIRSTLINE="-15." LINESPACE="7.400000095"/>
<ParagraphStyle ID="StyleId-A343E30D-9943-4643-A118-293DFC2A3146-" ALIGN="Left" LEFT="0." RIGHT="0." FIRSTLINE="0."/>
<ParagraphStyle ID="StyleId-B826D5B2-0113-4C0E-B9F3-DFBCDDF4DC5D-" ALIGN="Block" LEFT="0." RIGHT="0." FIRSTLINE="0." LINESPACE="13.68000031"/>
<ParagraphStyle ID="StyleId-29AB53B5-D5E0-4F85-B3CC-FDEB919FD9B8-" ALIGN="Left" LEFT="0." RIGHT="0." FIRSTLINE="-11." LINESPACE="6.71999979"/>
<ParagraphStyle ID="StyleId-00F4EA1F-95E6-49E8-9590-A68C1CE0CE91-" ALIGN="Left" LEFT="0." RIGHT="0." FIRSTLINE="0." LINESPACE="6.71999979"/>
<ParagraphStyle ID="StyleId-49BBE7CB-E6BE-4434-BDF8-87D56ECD56A1-" ALIGN="Left" LEFT="0." RIGHT="0." FIRSTLINE="0." LINESPACE="6.960000038"/>
<ParagraphStyle ID="StyleId-5AA2D951-7D59-4FA7-B346-AA73C4546B08-" ALIGN="Left" LEFT="0." RIGHT="0." FIRSTLINE="-12." LINESPACE="6.71999979"/>
<ParagraphStyle ID="StyleId-82BF7467-1925-4EF5-9774-32BBAB40FCAF-" ALIGN="Left" LEFT="0." RIGHT="0." FIRSTLINE="0." LINESPACE="6.71999979"/>
<ParagraphStyle ID="StyleId-90BF7737-60B8-4EE4-95A4-FCBDC3CE9BE6-" ALIGN="Left" LEFT="0." RIGHT="0." FIRSTLINE="0." LINESPACE="7.699999809"/>
<ParagraphStyle ID="StyleId-6D85B3DE-7D5D-4486-BB76-A1F2079812BB-" ALIGN="Left" LEFT="0." RIGHT="0." FIRSTLINE="0." LINESPACE="6.71999979"/>
<ParagraphStyle ID="StyleId-3B80990B-0291-4E77-8CA2-68F527DABD13-" ALIGN="Left" LEFT="0." RIGHT="0." FIRSTLINE="0." LINESPACE="8.899999619"/>
<ParagraphStyle ID="StyleId-E8F83221-6E6D-48A1-B171-5726A8FF783D-" ALIGN="Left" LEFT="0." RIGHT="0." FIRSTLINE="0." LINESPACE="6.71999979"/>
<ParagraphStyle ID="StyleId-D4441A72-FDE0-46F5-969A-43DA1EAB5782-" ALIGN="Left" LEFT="0." RIGHT="0." FIRSTLINE="-11." LINESPACE="7.400000095"/>
<ParagraphStyle ID="StyleId-07F52FB3-7C86-4A9C-8825-B4D41084FD3E-" ALIGN="Left" LEFT="0." RIGHT="0." FIRSTLINE="0." LINESPACE="6.71999979"/>
<ParagraphStyle ID="StyleId-D265295C-C1F1-4742-97AB-EABA8163C1B2-" ALIGN="Left" LEFT="0." RIGHT="0." FIRSTLINE="0." LINESPACE="6.960000038"/>
<ParagraphStyle ID="StyleId-D9DDB820-8466-4431-89B6-0E9996654AF7-" ALIGN="Left" LEFT="0." RIGHT="0." FIRSTLINE="0." LINESPACE="8.300000191"/>
<ParagraphStyle ID="StyleId-48BFE61D-E507-4B43-B51C-A3E54F909289-" ALIGN="Left" LEFT="0." RIGHT="0." FIRSTLINE="0." LINESPACE="8.5"/>
<ParagraphStyle ID="StyleId-D8A0D5A3-11F2-4605-B291-208C64AFDEF3-" ALIGN="Left" LEFT="0." RIGHT="0." FIRSTLINE="0." LINESPACE="6.960000038"/>
</Styles>
<Layout>
<Page ID="Page2600" PHYSICAL_IMG_NR="2600" HEIGHT="3304" WIDTH="2383">
<TopMargin HEIGHT="120" WIDTH="2383" VPOS="0" HPOS="0">
</TopMargin>
<LeftMargin HEIGHT="2932" WIDTH="187" VPOS="120" HPOS="0">
</LeftMargin>
<BottomMargin HEIGHT="252" WIDTH="2383" VPOS="3052" HPOS="0">
</BottomMargin>
<PrintSpace HEIGHT="2932" WIDTH="2196" VPOS="120" HPOS="187">
<ComposedBlock ID="Page2600_Block1" HEIGHT="48" WIDTH="2150" VPOS="120" HPOS="201" TYPE="container">
<Shape>
<Polygon POINTS="202,120 2350,120 2350,161 2235,161 2235,162 1937,162 1937,163 1639,163 1639,164 1342,164 1342,165 1044,165 1044,166 746,166 746,167 448,167 448,168 202,168 202,164 201,164 201,121 202,121 202,120"/>
</Shape>
<TextBlock ID="Page2600_Block2" HEIGHT="36" WIDTH="73" VPOS="120" HPOS="201" LANG="en-US" STYLEREFS="StyleId-30D516B9-8840-42A4-BECA-6DB7C9C6F834-">
<Shape>
<Polygon POINTS="202,120 274,120 274,156 201,156 201,121 202,121 202,120"/>
</Shape>
<TextLine HEIGHT="24" WIDTH="61" VPOS="125" HPOS="206">
<String CONTENT="2600" HEIGHT="24" WIDTH="61" VPOS="125" HPOS="206"/>
</TextLine>
</TextBlock>
</ComposedBlock>
<TextBlock ID="Page2600_Block3" HEIGHT="2712" WIDTH="716" VPOS="230" HPOS="187" LANG="en-US" CS="1" STYLEREFS="StyleId-112D917B-7F9E-4461-A99A-E112EE12EAEE-">
<Shape>
<Polygon POINTS="744,230 894,230 894,459 895,459 895,757 896,757 896,1055 897,1055 897,1353 898,1353 898,1651 899,1651 899,1949 900,1949 900,2247 901,2247 901,2545 902,2545 902,2842 903,2842 903,2940 746,2940 746,2941 448,2941 448,2942 196,2942 196,2845 195,2845 195,2547 194,2547 194,2249 193,2249 193,1951 192,1951 192,1653 191,1653 191,1355 190,1355 190,1057 189,1057 189,759 188,759 188,462 187,462 187,232 446,232 446,231 744,231 744,230"/>
</Shape>
<TextLine HEIGHT="24" WIDTH="606" VPOS="235" HPOS="193">
<String CONTENT="COLUMBIA" HEIGHT="22" WIDTH="133" VPOS="237" HPOS="193"/>
<SP HEIGHT="21" WIDTH="17" VPOS="238" HPOS="327"/>
<String CONTENT="UNIVERSITY." HEIGHT="21" WIDTH="181" VPOS="238" HPOS="345"/>
<SP HEIGHT="19" WIDTH="39" VPOS="239" HPOS="527"/>
<String CONTENT="TRUSTEES.-Con." HEIGHT="21" WIDTH="232" VPOS="237" HPOS="567"/>
</TextLine>
<TextLine HEIGHT="29" WIDTH="558" VPOS="275" HPOS="223" CS="1">
<String CONTENT="The" HEIGHT="21" WIDTH="49" VPOS="277" HPOS="223"/>
<SP HEIGHT="14" WIDTH="19" VPOS="284" HPOS="273"/>
<String CONTENT="reminiscences" HEIGHT="21" WIDTH="216" VPOS="278" HPOS="293"/>
<SP HEIGHT="16" WIDTH="19" VPOS="283" HPOS="510"/>
<String CONTENT="of" HEIGHT="20" WIDTH="32" VPOS="279" HPOS="530"/>
<SP HEIGHT="19" WIDTH="17" VPOS="278" HPOS="563"/>
<String CONTENT="Guy" HEIGHT="25" WIDTH="51" VPOS="278" HPOS="581"/>
<SP HEIGHT="25" WIDTH="15" VPOS="278" HPOS="633"/>
<String CONTENT="Emerson." HEIGHT="21" WIDTH="132" VPOS="277" HPOS="649"/>
</TextLine>
<TextLine HEIGHT="28" WIDTH="285" VPOS="305" HPOS="257">
<String CONTENT="See" HEIGHT="21" WIDTH="48" VPOS="306" HPOS="257"/>
<SP HEIGHT="20" WIDTH="17" VPOS="307" HPOS="306"/>
<String CONTENT="EMERSON," HEIGHT="27" WIDTH="131" VPOS="306" HPOS="324"/>
<SP HEIGHT="25" WIDTH="21" VPOS="307" HPOS="456"/>
<String CONTENT="GUY." HEIGHT="21" WIDTH="64" VPOS="307" HPOS="478"/>
</TextLine>
<TextLine HEIGHT="29" WIDTH="644" VPOS="342" HPOS="221" CS="1">
<String CONTENT="The" HEIGHT="21" WIDTH="50" VPOS="350" HPOS="221"/>
<SP HEIGHT="14" WIDTH="18" VPOS="356" HPOS="272"/>
<String CONTENT="reminiscences" HEIGHT="22" WIDTH="217" VPOS="349" HPOS="291"/>
<SP HEIGHT="15" WIDTH="21" VPOS="351" HPOS="509"/>
<String CONTENT="of" HEIGHT="20" WIDTH="30" VPOS="346" HPOS="531"/>
<SP HEIGHT="21" WIDTH="16" VPOS="345" HPOS="562"/>
<String CONTENT="Guy" HEIGHT="25" WIDTH="51" VPOS="345" HPOS="579"/>
<SP HEIGHT="25" WIDTH="17" VPOS="345" HPOS="631"/>
<String CONTENT="Stanton" HEIGHT="21" WIDTH="117" VPOS="343" HPOS="649"/>
<SP HEIGHT="20" WIDTH="18" VPOS="342" HPOS="767"/>
<String CONTENT="Ford." HEIGHT="19" WIDTH="79" VPOS="342" HPOS="786"/>
</TextLine>
<TextLine HEIGHT="31" WIDTH="369" VPOS="373" HPOS="257">
<String CONTENT="See" HEIGHT="20" WIDTH="48" VPOS="379" HPOS="257"/>
<SP HEIGHT="19" WIDTH="17" VPOS="380" HPOS="306"/>
<String CONTENT="FORD," HEIGHT="26" WIDTH="79" VPOS="378" HPOS="324"/>
<SP HEIGHT="26" WIDTH="20" VPOS="378" HPOS="404"/>
<String CONTENT="GUY" HEIGHT="21" WIDTH="52" VPOS="376" HPOS="425"/>
<SP HEIGHT="20" WIDTH="17" VPOS="376" HPOS="478"/>
<String CONTENT="STANTON." HEIGHT="22" WIDTH="130" VPOS="373" HPOS="496"/>
</TextLine>
<TextLine HEIGHT="31" WIDTH="642" VPOS="402" HPOS="228">
<String CONTENT="The" HEIGHT="20" WIDTH="48" VPOS="404" HPOS="228"/>
<SP HEIGHT="16" WIDTH="19" VPOS="409" HPOS="277"/>
<String CONTENT="reminiscences" HEIGHT="22" WIDTH="216" VPOS="405" HPOS="297"/>
<SP HEIGHT="16" WIDTH="21" VPOS="411" HPOS="514"/>
<String CONTENT="of" HEIGHT="20" WIDTH="30" VPOS="407" HPOS="536"/>
<SP HEIGHT="21" WIDTH="18" VPOS="407" HPOS="567"/>
<String CONTENT="H." HEIGHT="21" WIDTH="28" VPOS="407" HPOS="586"/>
<SP HEIGHT="20" WIDTH="20" VPOS="408" HPOS="615"/>
<String CONTENT="V." HEIGHT="21" WIDTH="29" VPOS="408" HPOS="636"/>
<SP HEIGHT="20" WIDTH="21" VPOS="409" HPOS="666"/>
<String CONTENT="Kaltenborn." HEIGHT="24" WIDTH="182" VPOS="408" HPOS="688"/>
</TextLine>
<TextLine HEIGHT="30" WIDTH="386" VPOS="432" HPOS="262">
<String CONTENT="See" HEIGHT="22" WIDTH="48" VPOS="433" HPOS="262"/>
<SP HEIGHT="20" WIDTH="17" VPOS="435" HPOS="311"/>
<String CONTENT="KALTENBORN," HEIGHT="29" WIDTH="183" VPOS="433" HPOS="329"/>
<SP HEIGHT="25" WIDTH="20" VPOS="436" HPOS="513"/>
<String CONTENT="HANS" HEIGHT="22" WIDTH="65" VPOS="435" HPOS="534"/>
<SP HEIGHT="21" WIDTH="18" VPOS="436" HPOS="600"/>
<String CONTENT="V." HEIGHT="21" WIDTH="29" VPOS="437" HPOS="619"/>
</TextLine>
<TextLine HEIGHT="31" WIDTH="625" VPOS="472" HPOS="224" CS="1">
<String CONTENT="The" HEIGHT="21" WIDTH="48" VPOS="474" HPOS="224"/>
<SP HEIGHT="15" WIDTH="19" VPOS="480" HPOS="273"/>
<String CONTENT="reminiscences" HEIGHT="21" WIDTH="216" VPOS="475" HPOS="293"/>
<SP HEIGHT="15" WIDTH="21" VPOS="480" HPOS="510"/>
<String CONTENT="of" HEIGHT="20" WIDTH="30" VPOS="476" HPOS="532"/>
<SP HEIGHT="20" WIDTH="17" VPOS="476" HPOS="563"/>
<String CONTENT="Harvey" HEIGHT="25" WIDTH="103" VPOS="477" HPOS="581"/>
<SP HEIGHT="25" WIDTH="14" VPOS="477" HPOS="685"/>
<String CONTENT="H." HEIGHT="20" WIDTH="29" VPOS="477" HPOS="700"/>
<SP HEIGHT="21" WIDTH="21" VPOS="477" HPOS="730"/>
<String CONTENT="Bundy." HEIGHT="24" WIDTH="97" VPOS="477" HPOS="752"/>
</TextLine>
<TextLine HEIGHT="28" WIDTH="335" VPOS="502" HPOS="258">
<String CONTENT="See" HEIGHT="22" WIDTH="48" VPOS="503" HPOS="258"/>
<SP HEIGHT="21" WIDTH="17" VPOS="505" HPOS="307"/>
<String CONTENT="BUNDY," HEIGHT="26" WIDTH="98" VPOS="504" HPOS="325"/>
<SP HEIGHT="24" WIDTH="19" VPOS="506" HPOS="424"/>
<String CONTENT="HARVEY" HEIGHT="20" WIDTH="101" VPOS="505" HPOS="444"/>
<SP HEIGHT="20" WIDTH="16" VPOS="505" HPOS="546"/>
<String CONTENT="H." HEIGHT="22" WIDTH="30" VPOS="505" HPOS="563"/>
</TextLine>
<TextLine HEIGHT="60" WIDTH="580" VPOS="537" HPOS="227" CS="1">
<String CONTENT="The" HEIGHT="20" WIDTH="49" VPOS="539" HPOS="227"/>
<SP HEIGHT="13" WIDTH="20" VPOS="546" HPOS="277"/>
<String CONTENT="reminiscences" HEIGHT="21" WIDTH="215" VPOS="540" HPOS="298"/>
<SP HEIGHT="15" WIDTH="20" VPOS="545" HPOS="514"/>
<String CONTENT="of" HEIGHT="20" WIDTH="31" VPOS="541" HPOS="535"/>
<SP HEIGHT="20" WIDTH="17" VPOS="541" HPOS="567"/>
<String CONTENT="Henry" HEIGHT="25" WIDTH="85" VPOS="542" HPOS="585"/>
<SP HEIGHT="24" WIDTH="16" VPOS="543" HPOS="671"/>
<String CONTENT="Breckinridge" HEIGHT="53" WIDTH="544" VPOS="542" HPOS="263"/>
<SP HEIGHT="15" WIDTH="7" VPOS="574" HPOS="344"/>
<String CONTENT="." HEIGHT="5" WIDTH="5" VPOS="584" HPOS="352"/>
<SP HEIGHT="20" WIDTH="38" VPOS="570" HPOS="358"/>
<String CONTENT="See" HEIGHT="21" WIDTH="48" VPOS="569" HPOS="397"/>
<SP HEIGHT="19" WIDTH="19" VPOS="570" HPOS="446"/>
<String CONTENT="BRECKINRIDGE," HEIGHT="27" WIDTH="218" VPOS="569" HPOS="466"/>
<SP HEIGHT="24" WIDTH="18" VPOS="572" HPOS="685"/>
<String CONTENT="HENRY." HEIGHT="22" WIDTH="99" VPOS="570" HPOS="704"/>
</TextLine>
<TextLine HEIGHT="28" WIDTH="575" VPOS="605" HPOS="223" CS="1">
<String CONTENT="The" HEIGHT="21" WIDTH="49" VPOS="607" HPOS="223"/>
<SP HEIGHT="15" WIDTH="19" VPOS="613" HPOS="273"/>
<String CONTENT="reminiscences" HEIGHT="21" WIDTH="215" VPOS="607" HPOS="293"/>
<SP HEIGHT="15" WIDTH="21" VPOS="611" HPOS="509"/>
<String CONTENT="of" HEIGHT="20" WIDTH="30" VPOS="607" HPOS="531"/>
<SP HEIGHT="20" WIDTH="17" VPOS="607" HPOS="562"/>
<String CONTENT="Henry" HEIGHT="25" WIDTH="86" VPOS="607" HPOS="580"/>
<SP HEIGHT="24" WIDTH="16" VPOS="608" HPOS="667"/>
<String CONTENT="Bruere." HEIGHT="20" WIDTH="114" VPOS="607" HPOS="684"/>
</TextLine>
<TextLine HEIGHT="27" WIDTH="302" VPOS="635" HPOS="257">
<String CONTENT="See" HEIGHT="21" WIDTH="49" VPOS="636" HPOS="257"/>
<SP HEIGHT="19" WIDTH="17" VPOS="638" HPOS="307"/>
<String CONTENT="BRUERE," HEIGHT="25" WIDTH="114" VPOS="637" HPOS="325"/>
<SP HEIGHT="26" WIDTH="18" VPOS="636" HPOS="440"/>
<String CONTENT="HENRY." HEIGHT="21" WIDTH="100" VPOS="636" HPOS="459"/>
</TextLine>
<TextLine HEIGHT="25" WIDTH="580" VPOS="672" HPOS="225">
<String CONTENT="The" HEIGHT="21" WIDTH="49" VPOS="674" HPOS="225"/>
<SP HEIGHT="15" WIDTH="20" VPOS="680" HPOS="275"/>
<String CONTENT="reminiscences" HEIGHT="21" WIDTH="216" VPOS="675" HPOS="296"/>
<SP HEIGHT="15" WIDTH="20" VPOS="679" HPOS="513"/>
<String CONTENT="of" HEIGHT="20" WIDTH="31" VPOS="675" HPOS="534"/>
<SP HEIGHT="21" WIDTH="16" VPOS="675" HPOS="566"/>
<String CONTENT="Hilarion" HEIGHT="22" WIDTH="137" VPOS="674" HPOS="583"/>
<SP HEIGHT="21" WIDTH="16" VPOS="675" HPOS="721"/>
<String CONTENT="Noel" HEIGHT="22" WIDTH="67" VPOS="674" HPOS="738"/>
</TextLine>
<TextLine HEIGHT="29" WIDTH="593" VPOS="702" HPOS="260">
<String CONTENT="Branch." HEIGHT="20" WIDTH="113" VPOS="705" HPOS="260"/>
<SP HEIGHT="20" WIDTH="38" VPOS="705" HPOS="374"/>
<String CONTENT="See" HEIGHT="21" WIDTH="48" VPOS="704" HPOS="413"/>
<SP HEIGHT="20" WIDTH="18" VPOS="704" HPOS="462"/>
<String CONTENT="BRANCH," HEIGHT="27" WIDTH="116" VPOS="703" HPOS="481"/>
<SP HEIGHT="26" WIDTH="19" VPOS="704" HPOS="598"/>
<String CONTENT="HILARION" HEIGHT="21" WIDTH="136" VPOS="703" HPOS="618"/>
<SP HEIGHT="20" WIDTH="16" VPOS="703" HPOS="755"/>
<String CONTENT="NOEL." HEIGHT="22" WIDTH="81" VPOS="703" HPOS="772"/>
</TextLine>
<TextLine HEIGHT="23" WIDTH="608" VPOS="737" HPOS="226" CS="1">
<String CONTENT="The" HEIGHT="19" WIDTH="48" VPOS="741" HPOS="226"/>
<SP HEIGHT="14" WIDTH="20" VPOS="745" HPOS="275"/>
<String CONTENT="reminiscences" HEIGHT="21" WIDTH="216" VPOS="739" HPOS="296"/>
<SP HEIGHT="15" WIDTH="19" VPOS="743" HPOS="513"/>
<String CONTENT="of" HEIGHT="20" WIDTH="31" VPOS="738" HPOS="533"/>
<SP HEIGHT="20" WIDTH="19" VPOS="738" HPOS="565"/>
<String CONTENT="Hobart" HEIGHT="21" WIDTH="98" VPOS="738" HPOS="585"/>
<SP HEIGHT="20" WIDTH="20" VPOS="738" HPOS="684"/>
<String CONTENT="S." HEIGHT="20" WIDTH="26" VPOS="738" HPOS="705"/>
<SP HEIGHT="21" WIDTH="23" VPOS="737" HPOS="732"/>
<String CONTENT="Bird." HEIGHT="21" WIDTH="78" VPOS="737" HPOS="756"/>
</TextLine>
<TextLine HEIGHT="28" WIDTH="318" VPOS="766" HPOS="262">
<String CONTENT="See" HEIGHT="21" WIDTH="48" VPOS="768" HPOS="262"/>
<SP HEIGHT="19" WIDTH="18" VPOS="770" HPOS="311"/>
<String CONTENT="BIRD," HEIGHT="25" WIDTH="79" VPOS="769" HPOS="330"/>
<SP HEIGHT="25" WIDTH="20" VPOS="769" HPOS="410"/>
<String CONTENT="HOBART" HEIGHT="21" WIDTH="102" VPOS="767" HPOS="431"/>
<SP HEIGHT="21" WIDTH="16" VPOS="766" HPOS="534"/>
<String CONTENT="S." HEIGHT="21" WIDTH="29" VPOS="766" HPOS="551"/>
</TextLine>
<TextLine HEIGHT="26" WIDTH="557" VPOS="805" HPOS="218" CS="1">
<String CONTENT="The" HEIGHT="21" WIDTH="49" VPOS="810" HPOS="218"/>
<SP HEIGHT="15" WIDTH="19" VPOS="815" HPOS="268"/>
<String CONTENT="reminiscences" HEIGHT="22" WIDTH="216" VPOS="808" HPOS="288"/>
<SP HEIGHT="15" WIDTH="19" VPOS="812" HPOS="505"/>
<String CONTENT="of" HEIGHT="20" WIDTH="32" VPOS="807" HPOS="525"/>
<SP HEIGHT="20" WIDTH="17" VPOS="807" HPOS="558"/>
<String CONTENT="Homer" HEIGHT="19" WIDTH="83" VPOS="808" HPOS="576"/>
<SP HEIGHT="20" WIDTH="17" VPOS="807" HPOS="660"/>
<String CONTENT="Folks." HEIGHT="22" WIDTH="97" VPOS="805" HPOS="678"/>
</TextLine>
<TextLine HEIGHT="28" WIDTH="283" VPOS="837" HPOS="253">
<String CONTENT="See" HEIGHT="20" WIDTH="48" VPOS="840" HPOS="253"/>
<SP HEIGHT="20" WIDTH="17" VPOS="840" HPOS="302"/>
<String CONTENT="FOLKS," HEIGHT="25" WIDTH="96" VPOS="840" HPOS="320"/>
<SP HEIGHT="26" WIDTH="21" VPOS="839" HPOS="417"/>
<String CONTENT="HOMER." HEIGHT="23" WIDTH="97" VPOS="837" HPOS="439"/>
</TextLine>
<TextLine HEIGHT="23" WIDTH="507" VPOS="874" HPOS="226" CS="1">
<String CONTENT="The" HEIGHT="22" WIDTH="49" VPOS="875" HPOS="226"/>
<SP HEIGHT="15" WIDTH="21" VPOS="882" HPOS="276"/>
<String CONTENT="reminiscences" HEIGHT="22" WIDTH="215" VPOS="875" HPOS="298"/>
<SP HEIGHT="15" WIDTH="20" VPOS="880" HPOS="514"/>
<String CONTENT="of" HEIGHT="20" WIDTH="31" VPOS="875" HPOS="535"/>
<SP HEIGHT="20" WIDTH="16" VPOS="875" HPOS="567"/>
<String CONTENT="Horace" HEIGHT="20" WIDTH="100" VPOS="876" HPOS="584"/>
<SP HEIGHT="21" WIDTH="17" VPOS="874" HPOS="685"/>
<String CONTENT="M." HEIGHT="22" WIDTH="30" VPOS="874" HPOS="703"/>
</TextLine>
<TextLine HEIGHT="29" WIDTH="577" VPOS="901" HPOS="259">
<String CONTENT="Albright." HEIGHT="26" WIDTH="149" VPOS="903" HPOS="259"/>
<SP HEIGHT="22" WIDTH="39" VPOS="903" HPOS="409"/>
<String CONTENT="See" HEIGHT="21" WIDTH="48" VPOS="903" HPOS="449"/>
<SP HEIGHT="21" WIDTH="17" VPOS="902" HPOS="498"/>
<String CONTENT="ALBRIGHT," HEIGHT="27" WIDTH="149" VPOS="902" HPOS="516"/>
<SP HEIGHT="26" WIDTH="20" VPOS="903" HPOS="666"/>
<String CONTENT="HORACE" HEIGHT="23" WIDTH="102" VPOS="901" HPOS="687"/>
<SP HEIGHT="22" WIDTH="16" VPOS="901" HPOS="790"/>
<String CONTENT="M." HEIGHT="22" WIDTH="29" VPOS="901" HPOS="807"/>
</TextLine>
<TextLine HEIGHT="24" WIDTH="631" VPOS="941" HPOS="221">
<String CONTENT="The" HEIGHT="21" WIDTH="51" VPOS="944" HPOS="221"/>
<SP HEIGHT="16" WIDTH="19" VPOS="949" HPOS="273"/>
<String CONTENT="reminiscences" HEIGHT="22" WIDTH="215" VPOS="943" HPOS="293"/>
<SP HEIGHT="15" WIDTH="20" VPOS="947" HPOS="509"/>
<String CONTENT="of" HEIGHT="20" WIDTH="31" VPOS="942" HPOS="530"/>
<SP HEIGHT="22" WIDTH="18" VPOS="942" HPOS="562"/>
<String CONTENT="James" HEIGHT="21" WIDTH="81" VPOS="943" HPOS="581"/>
<SP HEIGHT="19" WIDTH="21" VPOS="944" HPOS="663"/>
<String CONTENT="Fife." HEIGHT="21" WIDTH="77" VPOS="942" HPOS="685"/>
<SP HEIGHT="19" WIDTH="39" VPOS="942" HPOS="763"/>
<String CONTENT="See" HEIGHT="19" WIDTH="49" VPOS="942" HPOS="803"/>
</TextLine>
<TextLine HEIGHT="27" WIDTH="199" VPOS="972" HPOS="256">
<String CONTENT="FIFE," HEIGHT="26" WIDTH="79" VPOS="973" HPOS="256"/>
<SP HEIGHT="25" WIDTH="22" VPOS="974" HPOS="336"/>
<String CONTENT="JAMES." HEIGHT="22" WIDTH="96" VPOS="972" HPOS="359"/>
</TextLine>
<TextLine HEIGHT="24" WIDTH="579" VPOS="1010" HPOS="225">
<String CONTENT="The" HEIGHT="21" WIDTH="48" VPOS="1012" HPOS="225"/>
<SP HEIGHT="15" WIDTH="20" VPOS="1017" HPOS="274"/>
<String CONTENT="reminiscences" HEIGHT="21" WIDTH="216" VPOS="1012" HPOS="295"/>
<SP HEIGHT="14" WIDTH="20" VPOS="1017" HPOS="512"/>
<String CONTENT="of" HEIGHT="19" WIDTH="31" VPOS="1012" HPOS="533"/>
<SP HEIGHT="20" WIDTH="17" VPOS="1012" HPOS="565"/>
<String CONTENT="James" HEIGHT="21" WIDTH="82" VPOS="1012" HPOS="583"/>
<SP HEIGHT="20" WIDTH="18" VPOS="1013" HPOS="666"/>
<String CONTENT="Freeman" HEIGHT="21" WIDTH="119" VPOS="1012" HPOS="685"/>
</TextLine>
<TextLine HEIGHT="29" WIDTH="593" VPOS="1040" HPOS="260">
<String CONTENT="Curtis." HEIGHT="21" WIDTH="113" VPOS="1042" HPOS="260"/>
<SP HEIGHT="19" WIDTH="39" VPOS="1043" HPOS="373"/>
<String CONTENT="See" HEIGHT="20" WIDTH="49" VPOS="1042" HPOS="412"/>
<SP HEIGHT="20" WIDTH="19" VPOS="1042" HPOS="461"/>
<String CONTENT="CURTIS," HEIGHT="26" WIDTH="116" VPOS="1042" HPOS="480"/>
<SP HEIGHT="25" WIDTH="22" VPOS="1043" HPOS="596"/>
<String CONTENT="JAMES" HEIGHT="20" WIDTH="83" VPOS="1042" HPOS="618"/>
<SP HEIGHT="20" WIDTH="20" VPOS="1042" HPOS="701"/>
<String CONTENT="FREEMAN." HEIGHT="22" WIDTH="132" VPOS="1042" HPOS="721"/>
</TextLine>
<TextLine HEIGHT="29" WIDTH="558" VPOS="1077" HPOS="225" CS="1">
<String CONTENT="The" HEIGHT="21" WIDTH="49" VPOS="1079" HPOS="225"/>
<SP HEIGHT="14" WIDTH="20" VPOS="1086" HPOS="275"/>
<String CONTENT="reminiscences" HEIGHT="21" WIDTH="215" VPOS="1079" HPOS="296"/>
<SP HEIGHT="14" WIDTH="21" VPOS="1084" HPOS="512"/>
<String CONTENT="of" HEIGHT="19" WIDTH="31" VPOS="1079" HPOS="534"/>
<SP HEIGHT="20" WIDTH="17" VPOS="1079" HPOS="566"/>
<String CONTENT="John" HEIGHT="19" WIDTH="68" VPOS="1080" HPOS="584"/>
<SP HEIGHT="20" WIDTH="15" VPOS="1080" HPOS="653"/>
<String CONTENT="Brophy." HEIGHT="26" WIDTH="114" VPOS="1079" HPOS="669"/>
</TextLine>
<TextLine HEIGHT="27" WIDTH="284" VPOS="1108" HPOS="260">
<String CONTENT="See" HEIGHT="21" WIDTH="48" VPOS="1109" HPOS="260"/>
<SP HEIGHT="21" WIDTH="17" VPOS="1110" HPOS="309"/>
<String CONTENT="BROPHY," HEIGHT="25" WIDTH="115" VPOS="1110" HPOS="327"/>
<SP HEIGHT="25" WIDTH="20" VPOS="1110" HPOS="443"/>
<String CONTENT="JOHN." HEIGHT="21" WIDTH="80" VPOS="1109" HPOS="464"/>
</TextLine>
<TextLine HEIGHT="25" WIDTH="575" VPOS="1144" HPOS="226" CS="1">
<String CONTENT="The" HEIGHT="21" WIDTH="49" VPOS="1146" HPOS="226"/>
<SP HEIGHT="14" WIDTH="21" VPOS="1153" HPOS="276"/>
<String CONTENT="reminiscences" HEIGHT="22" WIDTH="215" VPOS="1146" HPOS="298"/>
<SP HEIGHT="15" WIDTH="20" VPOS="1151" HPOS="514"/>
<String CONTENT="of" HEIGHT="20" WIDTH="31" VPOS="1146" HPOS="535"/>
<SP HEIGHT="21" WIDTH="18" VPOS="1146" HPOS="567"/>
<String CONTENT="John" HEIGHT="19" WIDTH="65" VPOS="1148" HPOS="586"/>
<SP HEIGHT="19" WIDTH="17" VPOS="1148" HPOS="652"/>
<String CONTENT="H." HEIGHT="20" WIDTH="29" VPOS="1148" HPOS="670"/>
<SP HEIGHT="21" WIDTH="21" VPOS="1147" HPOS="700"/>
<String CONTENT="Amen." HEIGHT="21" WIDTH="79" VPOS="1146" HPOS="722"/>
</TextLine>
<TextLine HEIGHT="27" WIDTH="284" VPOS="1175" HPOS="261">
<String CONTENT="See" HEIGHT="21" WIDTH="49" VPOS="1176" HPOS="261"/>
<SP HEIGHT="20" WIDTH="17" VPOS="1176" HPOS="311"/>
<String CONTENT="AMEN," HEIGHT="26" WIDTH="78" VPOS="1176" HPOS="329"/>
<SP HEIGHT="25" WIDTH="23" VPOS="1177" HPOS="408"/>
<String CONTENT="JOHN" HEIGHT="21" WIDTH="66" VPOS="1176" HPOS="432"/>
<SP HEIGHT="19" WIDTH="15" VPOS="1176" HPOS="499"/>
<String CONTENT="H." HEIGHT="21" WIDTH="30" VPOS="1176" HPOS="515"/>
</TextLine>
<TextLine HEIGHT="29" WIDTH="577" VPOS="1213" HPOS="227">
<String CONTENT="The" HEIGHT="22" WIDTH="50" VPOS="1215" HPOS="227"/>
<SP HEIGHT="15" WIDTH="18" VPOS="1221" HPOS="278"/>
<String CONTENT="reminiscences" HEIGHT="21" WIDTH="216" VPOS="1216" HPOS="297"/>
<SP HEIGHT="15" WIDTH="21" VPOS="1220" HPOS="514"/>
<String CONTENT="of" HEIGHT="20" WIDTH="31" VPOS="1215" HPOS="536"/>
<SP HEIGHT="20" WIDTH="18" VPOS="1215" HPOS="568"/>
<String CONTENT="John" HEIGHT="19" WIDTH="66" VPOS="1216" HPOS="587"/>
<SP HEIGHT="20" WIDTH="17" VPOS="1216" HPOS="654"/>
<String CONTENT="Jennings" HEIGHT="26" WIDTH="132" VPOS="1215" HPOS="672"/>
</TextLine>
<TextLine HEIGHT="27" WIDTH="474" VPOS="1244" HPOS="262" CS="1">
<String CONTENT="Ballentine." HEIGHT="20" WIDTH="182" VPOS="1246" HPOS="262"/>
<SP HEIGHT="21" WIDTH="37" VPOS="1244" HPOS="445"/>
<String CONTENT="See" HEIGHT="20" WIDTH="48" VPOS="1244" HPOS="483"/>
<SP HEIGHT="20" WIDTH="18" VPOS="1245" HPOS="532"/>
<String CONTENT="BALLENTINE," HEIGHT="26" WIDTH="185" VPOS="1244" HPOS="551"/>
</TextLine>
<TextLine HEIGHT="23" WIDTH="232" VPOS="1273" HPOS="263">
<String CONTENT="JOHN" HEIGHT="21" WIDTH="65" VPOS="1274" HPOS="263"/>
<SP HEIGHT="22" WIDTH="17" VPOS="1274" HPOS="329"/>
<String CONTENT="JENNINGS." HEIGHT="23" WIDTH="148" VPOS="1273" HPOS="347"/>
</TextLine>
<TextLine HEIGHT="26" WIDTH="562" VPOS="1306" HPOS="223">
<String CONTENT="The" HEIGHT="22" WIDTH="49" VPOS="1308" HPOS="223"/>
<SP HEIGHT="15" WIDTH="19" VPOS="1314" HPOS="273"/>
<String CONTENT="reminiscences" HEIGHT="20" WIDTH="217" VPOS="1310" HPOS="293"/>
<SP HEIGHT="14" WIDTH="20" VPOS="1315" HPOS="511"/>
<String CONTENT="of" HEIGHT="19" WIDTH="31" VPOS="1310" HPOS="532"/>
<SP HEIGHT="21" WIDTH="18" VPOS="1309" HPOS="564"/>
<String CONTENT="John" HEIGHT="22" WIDTH="67" VPOS="1309" HPOS="583"/>
<SP HEIGHT="19" WIDTH="17" VPOS="1311" HPOS="651"/>
<String CONTENT="Lesslie" HEIGHT="20" WIDTH="116" VPOS="1310" HPOS="669"/>
</TextLine>
<TextLine HEIGHT="32" WIDTH="576" VPOS="1335" HPOS="258" CS="1">
<String CONTENT="Hall," HEIGHT="27" WIDTH="79" VPOS="1337" HPOS="258"/>
<SP HEIGHT="26" WIDTH="23" VPOS="1338" HPOS="337"/>
<String CONTENT="Jr." HEIGHT="21" WIDTH="46" VPOS="1338" HPOS="360"/>
<SP HEIGHT="20" WIDTH="40" VPOS="1339" HPOS="406"/>
<String CONTENT="See" HEIGHT="20" WIDTH="49" VPOS="1338" HPOS="446"/>
<SP HEIGHT="19" WIDTH="19" VPOS="1338" HPOS="495"/>
<String CONTENT="HALL," HEIGHT="27" WIDTH="80" VPOS="1337" HPOS="514"/>
<SP HEIGHT="26" WIDTH="24" VPOS="1338" HPOS="594"/>
<String CONTENT="JOHN" HEIGHT="21" WIDTH="67" VPOS="1338" HPOS="618"/>
<SP HEIGHT="20" WIDTH="17" VPOS="1339" HPOS="685"/>
<String CONTENT="LESSLIE," HEIGHT="28" WIDTH="132" VPOS="1338" HPOS="702"/>
</TextLine>
<TextLine HEIGHT="22" WIDTH="45" VPOS="1366" HPOS="260">
<String CONTENT="JR." HEIGHT="22" WIDTH="45" VPOS="1366" HPOS="260"/>
</TextLine>
<TextLine HEIGHT="25" WIDTH="592" VPOS="1400" HPOS="237" CS="1">
<String CONTENT="The" HEIGHT="22" WIDTH="49" VPOS="1403" HPOS="237"/>
<SP HEIGHT="14" WIDTH="19" VPOS="1411" HPOS="287"/>
<String CONTENT="reminiscences" HEIGHT="21" WIDTH="217" VPOS="1404" HPOS="307"/>
<SP HEIGHT="14" WIDTH="19" VPOS="1408" HPOS="525"/>
<String CONTENT="of" HEIGHT="19" WIDTH="33" VPOS="1403" HPOS="545"/>
<SP HEIGHT="19" WIDTH="15" VPOS="1403" HPOS="579"/>
<String CONTENT="John" HEIGHT="19" WIDTH="68" VPOS="1403" HPOS="595"/>
<SP HEIGHT="21" WIDTH="13" VPOS="1401" HPOS="664"/>
<String CONTENT="W." HEIGHT="21" WIDTH="30" VPOS="1401" HPOS="678"/>
<SP HEIGHT="20" WIDTH="22" VPOS="1402" HPOS="709"/>
<String CONTENT="Davis." HEIGHT="22" WIDTH="97" VPOS="1401" HPOS="732"/>
</TextLine>
<TextLine HEIGHT="27" WIDTH="299" VPOS="1432" HPOS="273">
<String CONTENT="See" HEIGHT="20" WIDTH="46" VPOS="1434" HPOS="273"/>
<SP HEIGHT="19" WIDTH="18" VPOS="1435" HPOS="320"/>
<String CONTENT="DAVIS," HEIGHT="25" WIDTH="97" VPOS="1434" HPOS="339"/>
<SP HEIGHT="26" WIDTH="21" VPOS="1433" HPOS="437"/>
<String CONTENT="JOHN" HEIGHT="20" WIDTH="67" VPOS="1432" HPOS="459"/>
<SP HEIGHT="20" WIDTH="14" VPOS="1432" HPOS="527"/>
<String CONTENT="W." HEIGHT="21" WIDTH="30" VPOS="1432" HPOS="542"/>
</TextLine>
<TextLine HEIGHT="27" WIDTH="504" VPOS="1465" HPOS="243" CS="1">
<String CONTENT="The" HEIGHT="21" WIDTH="49" VPOS="1468" HPOS="243"/>
<SP HEIGHT="15" WIDTH="18" VPOS="1474" HPOS="293"/>
<String CONTENT="reminiscences" HEIGHT="22" WIDTH="216" VPOS="1467" HPOS="312"/>
<SP HEIGHT="16" WIDTH="20" VPOS="1471" HPOS="529"/>
<String CONTENT="of" HEIGHT="19" WIDTH="31" VPOS="1467" HPOS="550"/>
<SP HEIGHT="21" WIDTH="17" VPOS="1467" HPOS="582"/>
<String CONTENT="Joseph" HEIGHT="25" WIDTH="101" VPOS="1466" HPOS="600"/>
<SP HEIGHT="20" WIDTH="16" VPOS="1466" HPOS="702"/>
<String CONTENT="A." HEIGHT="20" WIDTH="28" VPOS="1466" HPOS="719"/>
</TextLine>
<TextLine HEIGHT="30" WIDTH="541" VPOS="1493" HPOS="276">
<String CONTENT="Gavagan." HEIGHT="24" WIDTH="129" VPOS="1497" HPOS="276"/>
<SP HEIGHT="20" WIDTH="40" VPOS="1497" HPOS="406"/>
<String CONTENT="See" HEIGHT="20" WIDTH="49" VPOS="1496" HPOS="447"/>
<SP HEIGHT="20" WIDTH="17" VPOS="1496" HPOS="497"/>
<String CONTENT="GAVAGAN," HEIGHT="28" WIDTH="130" VPOS="1494" HPOS="515"/>
<SP HEIGHT="26" WIDTH="23" VPOS="1496" HPOS="646"/>
<String CONTENT="JOSEPH" HEIGHT="22" WIDTH="100" VPOS="1494" HPOS="670"/>
<SP HEIGHT="21" WIDTH="15" VPOS="1493" HPOS="771"/>
<String CONTENT="A." HEIGHT="21" WIDTH="30" VPOS="1493" HPOS="787"/>
</TextLine>
<TextLine HEIGHT="28" WIDTH="660" VPOS="1530" HPOS="232" CS="1">
<String CONTENT="The" HEIGHT="22" WIDTH="49" VPOS="1535" HPOS="232"/>
<SP HEIGHT="16" WIDTH="19" VPOS="1541" HPOS="282"/>
<String CONTENT="reminiscences" HEIGHT="22" WIDTH="216" VPOS="1535" HPOS="302"/>
<SP HEIGHT="16" WIDTH="19" VPOS="1537" HPOS="519"/>
<String CONTENT="of" HEIGHT="19" WIDTH="31" VPOS="1533" HPOS="539"/>
<SP HEIGHT="19" WIDTH="18" VPOS="1533" HPOS="571"/>
<String CONTENT="Joseph" HEIGHT="25" WIDTH="100" VPOS="1532" HPOS="590"/>
<SP HEIGHT="19" WIDTH="17" VPOS="1532" HPOS="691"/>
<String CONTENT="Ballantine." HEIGHT="21" WIDTH="183" VPOS="1530" HPOS="709"/>
</TextLine>
<TextLine HEIGHT="28" WIDTH="385" VPOS="1560" HPOS="267">
<String CONTENT="See" HEIGHT="21" WIDTH="48" VPOS="1564" HPOS="267"/>
<SP HEIGHT="20" WIDTH="16" VPOS="1564" HPOS="316"/>
<String CONTENT="BALLANTINE," HEIGHT="25" WIDTH="182" VPOS="1563" HPOS="333"/>
<SP HEIGHT="25" WIDTH="22" VPOS="1562" HPOS="516"/>
<String CONTENT="JOSEPH." HEIGHT="22" WIDTH="113" VPOS="1560" HPOS="539"/>
</TextLine>
<TextLine HEIGHT="28" WIDTH="561" VPOS="1596" HPOS="237">
<String CONTENT="The" HEIGHT="23" WIDTH="49" VPOS="1599" HPOS="237"/>
<SP HEIGHT="17" WIDTH="19" VPOS="1605" HPOS="287"/>
<String CONTENT="reminiscences" HEIGHT="22" WIDTH="217" VPOS="1599" HPOS="307"/>
<SP HEIGHT="15" WIDTH="19" VPOS="1603" HPOS="525"/>
<String CONTENT="of" HEIGHT="21" WIDTH="31" VPOS="1598" HPOS="545"/>
<SP HEIGHT="21" WIDTH="17" VPOS="1598" HPOS="577"/>
<String CONTENT="Joseph" HEIGHT="25" WIDTH="101" VPOS="1598" HPOS="595"/>
<SP HEIGHT="21" WIDTH="18" VPOS="1597" HPOS="697"/>
<String CONTENT="Clark" HEIGHT="22" WIDTH="82" VPOS="1596" HPOS="716"/>
</TextLine>
<TextLine HEIGHT="28" WIDTH="493" VPOS="1625" HPOS="272">
<String CONTENT="Baldwin." HEIGHT="21" WIDTH="129" VPOS="1629" HPOS="272"/>
<SP HEIGHT="21" WIDTH="40" VPOS="1629" HPOS="402"/>
<String CONTENT="See" HEIGHT="20" WIDTH="47" VPOS="1628" HPOS="443"/>
<SP HEIGHT="19" WIDTH="18" VPOS="1628" HPOS="491"/>
<String CONTENT="BALDWIN," HEIGHT="26" WIDTH="131" VPOS="1626" HPOS="510"/>
<SP HEIGHT="25" WIDTH="20" VPOS="1627" HPOS="642"/>
<String CONTENT="JOSEPH" HEIGHT="21" WIDTH="102" VPOS="1626" HPOS="663"/>
</TextLine>
<TextLine HEIGHT="21" WIDTH="93" VPOS="1658" HPOS="275">
<String CONTENT="CLARK." HEIGHT="21" WIDTH="93" VPOS="1658" HPOS="275"/>
</TextLine>
<TextLine HEIGHT="28" WIDTH="609" VPOS="1691" HPOS="233" CS="1">
<String CONTENT="The" HEIGHT="21" WIDTH="49" VPOS="1693" HPOS="233"/>
<SP HEIGHT="13" WIDTH="19" VPOS="1700" HPOS="283"/>
<String CONTENT="reminiscences" HEIGHT="21" WIDTH="216" VPOS="1693" HPOS="303"/>
<SP HEIGHT="15" WIDTH="20" VPOS="1698" HPOS="520"/>
<String CONTENT="of" HEIGHT="20" WIDTH="31" VPOS="1693" HPOS="541"/>
<SP HEIGHT="20" WIDTH="17" VPOS="1693" HPOS="573"/>
<String CONTENT="Joseph" HEIGHT="24" WIDTH="101" VPOS="1694" HPOS="591"/>
<SP HEIGHT="20" WIDTH="17" VPOS="1694" HPOS="693"/>
<String CONTENT="Collins." HEIGHT="21" WIDTH="131" VPOS="1693" HPOS="711"/>
</TextLine>
<TextLine HEIGHT="27" WIDTH="335" VPOS="1722" HPOS="268">
<String CONTENT="See" HEIGHT="20" WIDTH="48" VPOS="1723" HPOS="268"/>
<SP HEIGHT="21" WIDTH="17" VPOS="1724" HPOS="317"/>
<String CONTENT="COLLINS," HEIGHT="27" WIDTH="132" VPOS="1722" HPOS="335"/>
<SP HEIGHT="24" WIDTH="20" VPOS="1724" HPOS="468"/>
<String CONTENT="JOSEPH." HEIGHT="21" WIDTH="114" VPOS="1723" HPOS="489"/>
</TextLine>
<TextLine HEIGHT="27" WIDTH="590" VPOS="1761" HPOS="245" CS="1">
<String CONTENT="The" HEIGHT="20" WIDTH="48" VPOS="1766" HPOS="245"/>
<SP HEIGHT="15" WIDTH="20" VPOS="1771" HPOS="294"/>
<String CONTENT="reminiscences" HEIGHT="22" WIDTH="215" VPOS="1764" HPOS="315"/>
<SP HEIGHT="15" WIDTH="19" VPOS="1768" HPOS="531"/>
<String CONTENT="of-Julius" HEIGHT="20" WIDTH="149" VPOS="1763" HPOS="551"/>
<SP HEIGHT="20" WIDTH="20" VPOS="1763" HPOS="701"/>
<String CONTENT="Emspak." HEIGHT="26" WIDTH="113" VPOS="1761" HPOS="722"/>
</TextLine>
<TextLine HEIGHT="28" WIDTH="318" VPOS="1792" HPOS="279">
<String CONTENT="See" HEIGHT="21" WIDTH="47" VPOS="1794" HPOS="279"/>
<SP HEIGHT="19" WIDTH="19" VPOS="1796" HPOS="327"/>
<String CONTENT="EMSPAK," HEIGHT="27" WIDTH="114" VPOS="1793" HPOS="347"/>
<SP HEIGHT="26" WIDTH="20" VPOS="1793" HPOS="462"/>
<String CONTENT="JULIUS." HEIGHT="21" WIDTH="114" VPOS="1792" HPOS="483"/>
</TextLine>
<TextLine HEIGHT="28" WIDTH="591" VPOS="1829" HPOS="243" CS="1">
<String CONTENT="The" HEIGHT="21" WIDTH="49" VPOS="1836" HPOS="243"/>
<SP HEIGHT="16" WIDTH="18" VPOS="1841" HPOS="293"/>
<String CONTENT="reminiscences" HEIGHT="23" WIDTH="216" VPOS="1834" HPOS="312"/>
<SP HEIGHT="15" WIDTH="19" VPOS="1837" HPOS="529"/>
<String CONTENT="of" HEIGHT="20" WIDTH="31" VPOS="1831" HPOS="549"/>
<SP HEIGHT="21" WIDTH="17" VPOS="1831" HPOS="581"/>
<String CONTENT="Louis" HEIGHT="21" WIDTH="83" VPOS="1831" HPOS="599"/>
<SP HEIGHT="20" WIDTH="18" VPOS="1830" HPOS="683"/>
<String CONTENT="H." HEIGHT="20" WIDTH="28" VPOS="1830" HPOS="702"/>
<SP HEIGHT="21" WIDTH="21" VPOS="1829" HPOS="731"/>
<String CONTENT="Bean." HEIGHT="19" WIDTH="81" VPOS="1829" HPOS="753"/>
</TextLine>
<TextLine HEIGHT="29" WIDTH="302" VPOS="1862" HPOS="277">
<String CONTENT="See" HEIGHT="22" WIDTH="47" VPOS="1865" HPOS="277"/>
<SP HEIGHT="20" WIDTH="19" VPOS="1866" HPOS="325"/>
<String CONTENT="BEAN," HEIGHT="26" WIDTH="78" VPOS="1865" HPOS="345"/>
<SP HEIGHT="27" WIDTH="21" VPOS="1864" HPOS="424"/>
<String CONTENT="LOUIS" HEIGHT="22" WIDTH="83" VPOS="1862" HPOS="446"/>
<SP HEIGHT="20" WIDTH="18" VPOS="1862" HPOS="530"/>
<String CONTENT="H." HEIGHT="20" WIDTH="30" VPOS="1862" HPOS="549"/>
</TextLine>
<TextLine HEIGHT="27" WIDTH="574" VPOS="1897" HPOS="239" CS="1">
<String CONTENT="The" HEIGHT="21" WIDTH="48" VPOS="1903" HPOS="239"/>
<SP HEIGHT="16" WIDTH="19" VPOS="1908" HPOS="288"/>
<String CONTENT="reminiscences" HEIGHT="23" WIDTH="217" VPOS="1901" HPOS="308"/>
<SP HEIGHT="15" WIDTH="19" VPOS="1905" HPOS="526"/>
<String CONTENT="of" HEIGHT="21" WIDTH="32" VPOS="1899" HPOS="546"/>
<SP HEIGHT="21" WIDTH="17" VPOS="1899" HPOS="579"/>
<String CONTENT="Luther" HEIGHT="22" WIDTH="101" VPOS="1898" HPOS="597"/>
<SP HEIGHT="20" WIDTH="16" VPOS="1898" HPOS="699"/>
<String CONTENT="Evans." HEIGHT="21" WIDTH="97" VPOS="1897" HPOS="716"/>
</TextLine>
<TextLine HEIGHT="27" WIDTH="302" VPOS="1930" HPOS="274">
<String CONTENT="See" HEIGHT="20" WIDTH="49" VPOS="1933" HPOS="274"/>
<SP HEIGHT="20" WIDTH="17" VPOS="1933" HPOS="323"/>
<String CONTENT="EVANS," HEIGHT="26" WIDTH="99" VPOS="1931" HPOS="340"/>
<SP HEIGHT="26" WIDTH="22" VPOS="1931" HPOS="439"/>
<String CONTENT="LUTHER." HEIGHT="20" WIDTH="114" VPOS="1930" HPOS="461"/>
</TextLine>
<TextLine HEIGHT="27" WIDTH="474" VPOS="1971" HPOS="232">
<String CONTENT="The" HEIGHT="21" WIDTH="49" VPOS="1972" HPOS="232"/>
<SP HEIGHT="14" WIDTH="19" VPOS="1979" HPOS="282"/>
<String CONTENT="reminiscences" HEIGHT="22" WIDTH="216" VPOS="1972" HPOS="302"/>
<SP HEIGHT="15" WIDTH="20" VPOS="1977" HPOS="519"/>
<String CONTENT="of" HEIGHT="18" WIDTH="31" VPOS="1974" HPOS="540"/>
<SP HEIGHT="19" WIDTH="17" VPOS="1973" HPOS="572"/>
<String CONTENT="Marquis" HEIGHT="25" WIDTH="116" VPOS="1972" HPOS="590"/>
</TextLine>
<TextLine HEIGHT="27" WIDTH="476" VPOS="2001" HPOS="264" CS="1">
<String CONTENT="William" HEIGHT="20" WIDTH="121" VPOS="2002" HPOS="264"/>
<SP HEIGHT="20" WIDTH="16" VPOS="2003" HPOS="386"/>
<String CONTENT="Childs." HEIGHT="22" WIDTH="113" VPOS="2001" HPOS="403"/>
<SP HEIGHT="19" WIDTH="22" VPOS="2002" HPOS="533"/>
<String CONTENT="See" HEIGHT="19" WIDTH="48" VPOS="2002" HPOS="556"/>
<SP HEIGHT="19" WIDTH="19" VPOS="2003" HPOS="605"/>
<String CONTENT="CHILDS," HEIGHT="25" WIDTH="115" VPOS="2002" HPOS="625"/>
</TextLine>
<TextLine HEIGHT="25" WIDTH="268" VPOS="2030" HPOS="266">
<String CONTENT="MARQUIS" HEIGHT="24" WIDTH="118" VPOS="2031" HPOS="266"/>
<SP HEIGHT="21" WIDTH="14" VPOS="2031" HPOS="385"/>
<String CONTENT="WILLIAM." HEIGHT="22" WIDTH="134" VPOS="2031" HPOS="400"/>
</TextLine>
<TextLine HEIGHT="25" WIDTH="505" VPOS="2066" HPOS="240" CS="1">
<String CONTENT="The" HEIGHT="20" WIDTH="49" VPOS="2070" HPOS="240"/>
<SP HEIGHT="16" WIDTH="18" VPOS="2075" HPOS="290"/>
<String CONTENT="reminiscences" HEIGHT="22" WIDTH="218" VPOS="2069" HPOS="309"/>
<SP HEIGHT="15" WIDTH="19" VPOS="2073" HPOS="528"/>
<String CONTENT="of" HEIGHT="20" WIDTH="30" VPOS="2068" HPOS="548"/>
<SP HEIGHT="20" WIDTH="16" VPOS="2068" HPOS="579"/>
<String CONTENT="Martin" HEIGHT="20" WIDTH="102" VPOS="2067" HPOS="596"/>
<SP HEIGHT="21" WIDTH="19" VPOS="2066" HPOS="699"/>
<String CONTENT="C." HEIGHT="21" WIDTH="26" VPOS="2066" HPOS="719"/>
</TextLine>
<TextLine HEIGHT="30" WIDTH="543" VPOS="2095" HPOS="272">
<String CONTENT="Ansorge." HEIGHT="26" WIDTH="131" VPOS="2099" HPOS="272"/>
<SP HEIGHT="21" WIDTH="40" VPOS="2099" HPOS="404"/>
<String CONTENT="See" HEIGHT="21" WIDTH="47" VPOS="2098" HPOS="445"/>
<SP HEIGHT="20" WIDTH="17" VPOS="2097" HPOS="493"/>
<String CONTENT="ANSORGE," HEIGHT="25" WIDTH="133" VPOS="2097" HPOS="511"/>
<SP HEIGHT="25" WIDTH="19" VPOS="2097" HPOS="645"/>
<String CONTENT="MARTIN" HEIGHT="21" WIDTH="102" VPOS="2095" HPOS="665"/>
<SP HEIGHT="19" WIDTH="18" VPOS="2095" HPOS="768"/>
<String CONTENT="C." HEIGHT="19" WIDTH="28" VPOS="2095" HPOS="787"/>
</TextLine>
<TextLine HEIGHT="59" WIDTH="586" VPOS="2135" HPOS="235" CS="1">
<String CONTENT="The" HEIGHT="21" WIDTH="50" VPOS="2137" HPOS="235"/>
<SP HEIGHT="16" WIDTH="19" VPOS="2142" HPOS="286"/>
<String CONTENT="reminiscences" HEIGHT="22" WIDTH="215" VPOS="2137" HPOS="306"/>
<SP HEIGHT="16" WIDTH="20" VPOS="2142" HPOS="522"/>
<String CONTENT="of" HEIGHT="20" WIDTH="31" VPOS="2138" HPOS="543"/>
<SP HEIGHT="21" WIDTH="16" VPOS="2138" HPOS="575"/>
<String CONTENT="Maxwell" HEIGHT="21" WIDTH="119" VPOS="2138" HPOS="592"/>
<SP HEIGHT="21" WIDTH="17" VPOS="2138" HPOS="712"/>
<String CONTENT="Anderison." HEIGHT="50" WIDTH="549" VPOS="2137" HPOS="272"/>
<SP HEIGHT="20" WIDTH="40" VPOS="2168" HPOS="331"/>
<String CONTENT="See" HEIGHT="20" WIDTH="47" VPOS="2168" HPOS="372"/>
<SP HEIGHT="20" WIDTH="18" VPOS="2167" HPOS="420"/>
<String CONTENT="ANDERSON," HEIGHT="28" WIDTH="149" VPOS="2166" HPOS="439"/>
<SP HEIGHT="26" WIDTH="20" VPOS="2167" HPOS="589"/>
<String CONTENT="MAXWELL." HEIGHT="22" WIDTH="131" VPOS="2166" HPOS="610"/>
</TextLine>
<TextLine HEIGHT="26" WIDTH="545" VPOS="2194" HPOS="239" CS="1">
<String CONTENT="The" HEIGHT="22" WIDTH="49" VPOS="2196" HPOS="239"/>
<SP HEIGHT="16" WIDTH="19" VPOS="2202" HPOS="289"/>
<String CONTENT="reminiscences" HEIGHT="21" WIDTH="216" VPOS="2197" HPOS="309"/>
<SP HEIGHT="15" WIDTH="20" VPOS="2202" HPOS="526"/>
<String CONTENT="of" HEIGHT="19" WIDTH="34" VPOS="2198" HPOS="547"/>
<SP HEIGHT="21" WIDTH="14" VPOS="2198" HPOS="582"/>
<String CS="1" CONTENT="Mrs." HEIGHT="21" WIDTH="47" VPOS="2198" HPOS="597"/>
<SP HEIGHT="19" WIDTH="19" VPOS="2200" HPOS="661"/>
<String CONTENT="Walter" HEIGHT="21" WIDTH="103" VPOS="2198" HPOS="681"/>
</TextLine>
<TextLine HEIGHT="29" WIDTH="524" VPOS="2224" HPOS="274">
<String CONTENT="Bunzl." HEIGHT="21" WIDTH="95" VPOS="2226" HPOS="274"/>
<SP HEIGHT="19" WIDTH="38" VPOS="2228" HPOS="370"/>
<String CONTENT="See" HEIGHT="21" WIDTH="49" VPOS="2227" HPOS="409"/>
<SP HEIGHT="20" WIDTH="17" VPOS="2227" HPOS="459"/>
<String CONTENT="BUNZL," HEIGHT="25" WIDTH="100" VPOS="2227" HPOS="477"/>
<SP HEIGHT="24" WIDTH="20" VPOS="2228" HPOS="577"/>
<String CONTENT="MRS." HEIGHT="21" WIDTH="63" VPOS="2227" HPOS="597"/>
<SP HEIGHT="19" WIDTH="18" VPOS="2229" HPOS="661"/>
<String CONTENT="WALTER." HEIGHT="21" WIDTH="117" VPOS="2228" HPOS="680"/>
</TextLine>
<TextLine HEIGHT="27" WIDTH="642" VPOS="2263" HPOS="236">
<String CONTENT="The" HEIGHT="21" WIDTH="49" VPOS="2265" HPOS="236"/>
<SP HEIGHT="16" WIDTH="20" VPOS="2271" HPOS="286"/>
<String CONTENT="reminiscences" HEIGHT="22" WIDTH="215" VPOS="2266" HPOS="307"/>
<SP HEIGHT="15" WIDTH="20" VPOS="2271" HPOS="523"/>
<String CONTENT="of" HEIGHT="20" WIDTH="31" VPOS="2267" HPOS="544"/>
<SP HEIGHT="21" WIDTH="17" VPOS="2267" HPOS="576"/>
<String CONTENT="Mordecai" HEIGHT="21" WIDTH="134" VPOS="2267" HPOS="594"/>
<SP HEIGHT="20" WIDTH="18" VPOS="2269" HPOS="729"/>
<String CONTENT="Ezekiel." HEIGHT="21" WIDTH="130" VPOS="2267" HPOS="748"/>
</TextLine>
<TextLine HEIGHT="29" WIDTH="368" VPOS="2293" HPOS="271">
<String CONTENT="See" HEIGHT="21" WIDTH="48" VPOS="2294" HPOS="271"/>
<SP HEIGHT="19" WIDTH="17" VPOS="2297" HPOS="320"/>
<String CONTENT="EZEKIEL," HEIGHT="27" WIDTH="131" VPOS="2295" HPOS="338"/>
<SP HEIGHT="25" WIDTH="20" VPOS="2296" HPOS="470"/>
<String CONTENT="MORDECAI." HEIGHT="22" WIDTH="148" VPOS="2296" HPOS="491"/>
</TextLine>
<TextLine HEIGHT="26" WIDTH="574" VPOS="2344" HPOS="236" CS="1">
<String CONTENT="The" HEIGHT="21" WIDTH="49" VPOS="2349" HPOS="236"/>
<SP HEIGHT="13" WIDTH="20" VPOS="2356" HPOS="286"/>
<String CONTENT="reminiscences" HEIGHT="21" WIDTH="215" VPOS="2348" HPOS="307"/>
<SP HEIGHT="15" WIDTH="19" VPOS="2351" HPOS="523"/>
<String CONTENT="of" HEIGHT="20" WIDTH="33" VPOS="2347" HPOS="543"/>
<SP HEIGHT="20" WIDTH="16" VPOS="2347" HPOS="577"/>
<String CONTENT="P." HEIGHT="20" WIDTH="28" VPOS="2348" HPOS="594"/>
<SP HEIGHT="22" WIDTH="19" VPOS="2346" HPOS="623"/>
<String CONTENT="V." HEIGHT="21" WIDTH="30" VPOS="2346" HPOS="643"/>
<SP HEIGHT="21" WIDTH="23" VPOS="2346" HPOS="674"/>
<String CONTENT="Cardon." HEIGHT="22" WIDTH="112" VPOS="2344" HPOS="698"/>
</TextLine>
<TextLine HEIGHT="27" WIDTH="284" VPOS="2376" HPOS="271">
<String CONTENT="See" HEIGHT="20" WIDTH="48" VPOS="2378" HPOS="271"/>
<SP HEIGHT="19" WIDTH="18" VPOS="2379" HPOS="320"/>
<String CONTENT="CARDON," HEIGHT="26" WIDTH="113" VPOS="2377" HPOS="339"/>
<SP HEIGHT="25" WIDTH="22" VPOS="2377" HPOS="453"/>
<String CONTENT="P." HEIGHT="20" WIDTH="27" VPOS="2377" HPOS="476"/>
<SP HEIGHT="21" WIDTH="18" VPOS="2376" HPOS="504"/>
<String CONTENT="V." HEIGHT="21" WIDTH="32" VPOS="2376" HPOS="523"/>
</TextLine>
<TextLine HEIGHT="24" WIDTH="590" VPOS="2417" HPOS="247" CS="1">
<String CONTENT="The" HEIGHT="21" WIDTH="48" VPOS="2419" HPOS="247"/>
<SP HEIGHT="16" WIDTH="19" VPOS="2424" HPOS="296"/>
<String CONTENT="reminiscences" HEIGHT="21" WIDTH="217" VPOS="2419" HPOS="316"/>
<SP HEIGHT="15" WIDTH="18" VPOS="2424" HPOS="534"/>
<String CONTENT="of" HEIGHT="20" WIDTH="31" VPOS="2419" HPOS="553"/>
<SP HEIGHT="21" WIDTH="18" VPOS="2419" HPOS="585"/>
<String CONTENT="Paul" HEIGHT="21" WIDTH="66" VPOS="2419" HPOS="604"/>
<SP HEIGHT="21" WIDTH="17" VPOS="2419" HPOS="671"/>
<String CONTENT="Frillman." HEIGHT="22" WIDTH="148" VPOS="2418" HPOS="689"/>
</TextLine>
<TextLine HEIGHT="28" WIDTH="336" VPOS="2448" HPOS="281">
<String CONTENT="See" HEIGHT="20" WIDTH="48" VPOS="2449" HPOS="281"/>
<SP HEIGHT="19" WIDTH="15" VPOS="2451" HPOS="330"/>
<String CONTENT="FRILLMANN," HEIGHT="27" WIDTH="167" VPOS="2449" HPOS="346"/>
<SP HEIGHT="26" WIDTH="21" VPOS="2449" HPOS="514"/>
<String CONTENT="PAUL." HEIGHT="21" WIDTH="81" VPOS="2449" HPOS="536"/>
</TextLine>
<TextLine HEIGHT="29" WIDTH="625" VPOS="2483" HPOS="246" CS="1">
<String CONTENT="The" HEIGHT="21" WIDTH="49" VPOS="2491" HPOS="246"/>
<SP HEIGHT="16" WIDTH="19" VPOS="2496" HPOS="296"/>
<String CONTENT="reminiscences" HEIGHT="22" WIDTH="216" VPOS="2489" HPOS="316"/>
<SP HEIGHT="15" WIDTH="19" VPOS="2493" HPOS="533"/>
<String CONTENT="of" HEIGHT="21" WIDTH="32" VPOS="2487" HPOS="553"/>
<SP HEIGHT="22" WIDTH="18" VPOS="2486" HPOS="586"/>
<String CONTENT="Paul" HEIGHT="21" WIDTH="65" VPOS="2486" HPOS="605"/>
<SP HEIGHT="21" WIDTH="16" VPOS="2485" HPOS="671"/>
<String CONTENT="H." HEIGHT="21" WIDTH="30" VPOS="2485" HPOS="688"/>
<SP HEIGHT="22" WIDTH="19" VPOS="2484" HPOS="719"/>
<String CONTENT="Appleby." HEIGHT="27" WIDTH="132" VPOS="2483" HPOS="739"/>
</TextLine>
<TextLine HEIGHT="28" WIDTH="332" VPOS="2515" HPOS="283">
<String CONTENT="See" HEIGHT="21" WIDTH="46" VPOS="2519" HPOS="283"/>
<SP HEIGHT="21" WIDTH="17" VPOS="2519" HPOS="330"/>
<String CONTENT="APPLEBY," HEIGHT="26" WIDTH="132" VPOS="2517" HPOS="348"/>
<SP HEIGHT="26" WIDTH="19" VPOS="2516" HPOS="481"/>
<String CONTENT="PAUL" HEIGHT="22" WIDTH="69" VPOS="2515" HPOS="501"/>
<SP HEIGHT="22" WIDTH="14" VPOS="2515" HPOS="571"/>
<String CONTENT="H." HEIGHT="21" WIDTH="29" VPOS="2515" HPOS="586"/>
</TextLine>
<TextLine HEIGHT="25" WIDTH="572" VPOS="2552" HPOS="244" CS="1">
<String CONTENT="The" HEIGHT="20" WIDTH="49" VPOS="2557" HPOS="244"/>
<SP HEIGHT="14" WIDTH="19" VPOS="2562" HPOS="294"/>
<String CONTENT="reminiscences.of" HEIGHT="23" WIDTH="268" VPOS="2553" HPOS="314"/>
<SP HEIGHT="20" WIDTH="18" VPOS="2553" HPOS="583"/>
<String CONTENT="Phanor" HEIGHT="19" WIDTH="100" VPOS="2554" HPOS="602"/>
<SP HEIGHT="20" WIDTH="17" VPOS="2553" HPOS="703"/>
<String CONTENT="Janms." HEIGHT="21" WIDTH="95" VPOS="2552" HPOS="721"/>
</TextLine>
<TextLine HEIGHT="31" WIDTH="506" VPOS="2581" HPOS="278">
<String CONTENT="Eder." HEIGHT="20" WIDTH="78" VPOS="2589" HPOS="278"/>
<SP HEIGHT="20" WIDTH="38" VPOS="2587" HPOS="357"/>
<String CONTENT="See" HEIGHT="20" WIDTH="50" VPOS="2587" HPOS="396"/>
<SP HEIGHT="20" WIDTH="17" VPOS="2586" HPOS="447"/>
<String CONTENT="EDER," HEIGHT="26" WIDTH="80" VPOS="2585" HPOS="465"/>
<SP HEIGHT="27" WIDTH="20" VPOS="2584" HPOS="546"/>
<String CONTENT="PHANOR" HEIGHT="21" WIDTH="101" VPOS="2583" HPOS="567"/>
<SP HEIGHT="20" WIDTH="17" VPOS="2583" HPOS="669"/>
<String CONTENT="JAMES." HEIGHT="22" WIDTH="97" VPOS="2581" HPOS="687"/>
</TextLine>
<TextLine HEIGHT="28" WIDTH="556" VPOS="2622" HPOS="244" CS="1">
<String CONTENT="The" HEIGHT="22" WIDTH="48" VPOS="2628" HPOS="244"/>
<SP HEIGHT="16" WIDTH="18" VPOS="2634" HPOS="293"/>
<String CONTENT="reminiscenc.es-of" HEIGHT="25" WIDTH="270" VPOS="2625" HPOS="312"/>
<SP HEIGHT="20" WIDTH="18" VPOS="2625" HPOS="583"/>
<String CONTENT="R." HEIGHT="19" WIDTH="27" VPOS="2625" HPOS="602"/>
<SP HEIGHT="20" WIDTH="20" VPOS="2624" HPOS="630"/>
<String CONTENT="M." HEIGHT="20" WIDTH="29" VPOS="2624" HPOS="651"/>
<SP HEIGHT="21" WIDTH="21" VPOS="2623" HPOS="681"/>
<String CONTENT="Evans." HEIGHT="21" WIDTH="97" VPOS="2622" HPOS="703"/>
</TextLine>
<TextLine HEIGHT="28" WIDTH="265" VPOS="2654" HPOS="280">
<String CONTENT="See" HEIGHT="22" WIDTH="46" VPOS="2658" HPOS="280"/>
<SP HEIGHT="20" WIDTH="18" VPOS="2659" HPOS="327"/>
<String CONTENT="EVANS," HEIGHT="25" WIDTH="97" VPOS="2657" HPOS="346"/>
<SP HEIGHT="26" WIDTH="21" VPOS="2656" HPOS="444"/>
<String CONTENT="R." HEIGHT="19" WIDTH="28" VPOS="2656" HPOS="466"/>
<SP HEIGHT="21" WIDTH="20" VPOS="2654" HPOS="495"/>
<String CONTENT="M." HEIGHT="21" WIDTH="29" VPOS="2654" HPOS="516"/>
</TextLine>
<TextLine HEIGHT="59" WIDTH="578" VPOS="2688" HPOS="241" CS="1">
<String CONTENT="The" HEIGHT="19" WIDTH="48" VPOS="2700" HPOS="241"/>
<SP HEIGHT="15" WIDTH="19" VPOS="2703" HPOS="290"/>
<String CONTENT="reminiscences" HEIGHT="21" WIDTH="217" VPOS="2697" HPOS="310"/>
<SP HEIGHT="14" WIDTH="18" VPOS="2698" HPOS="528"/>
<String CONTENT="of" HEIGHT="19" WIDTH="31" VPOS="2693" HPOS="547"/>
<SP HEIGHT="19" WIDTH="17" VPOS="2693" HPOS="579"/>
<String CONTENT="Richard" HEIGHT="20" WIDTH="117" VPOS="2691" HPOS="597"/>
<SP HEIGHT="18" WIDTH="20" VPOS="2691" HPOS="715"/>
<String CONTENT="Blackburn" HEIGHT="59" WIDTH="542" VPOS="2688" HPOS="277"/>
<SP HEIGHT="20" WIDTH="17" VPOS="2727" HPOS="341"/>
<String CONTENT="Black." HEIGHT="22" WIDTH="97" VPOS="2724" HPOS="359"/>
<SP HEIGHT="22" WIDTH="39" VPOS="2722" HPOS="457"/>
<String CONTENT="See" HEIGHT="20" WIDTH="48" VPOS="2722" HPOS="497"/>
<SP HEIGHT="20" WIDTH="18" VPOS="2721" HPOS="546"/>
<String CONTENT="BLACK," HEIGHT="25" WIDTH="96" VPOS="2720" HPOS="565"/>
<SP HEIGHT="26" WIDTH="20" VPOS="2719" HPOS="662"/>
<String CONTENT="RICHARD" HEIGHT="21" WIDTH="119" VPOS="2717" HPOS="683"/>
</TextLine>
<TextLine HEIGHT="22" WIDTH="164" VPOS="2754" HPOS="277">
<String CONTENT="BLACKBURN." HEIGHT="22" WIDTH="164" VPOS="2754" HPOS="277"/>
</TextLine>
<TextLine HEIGHT="27" WIDTH="578" VPOS="2791" HPOS="245">
<String CONTENT="The" HEIGHT="21" WIDTH="49" VPOS="2797" HPOS="245"/>
<SP HEIGHT="15" WIDTH="19" VPOS="2803" HPOS="295"/>
<String CONTENT="reminiscences" HEIGHT="21" WIDTH="217" VPOS="2797" HPOS="315"/>
<SP HEIGHT="15" WIDTH="19" VPOS="2799" HPOS="533"/>
<String CONTENT="of" HEIGHT="20" WIDTH="30" VPOS="2794" HPOS="553"/>
<SP HEIGHT="21" WIDTH="18" VPOS="2793" HPOS="584"/>
<String CONTENT="Robert" HEIGHT="20" WIDTH="100" VPOS="2793" HPOS="603"/>
<SP HEIGHT="20" WIDTH="17" VPOS="2792" HPOS="704"/>
<String CONTENT="Luther" HEIGHT="21" WIDTH="101" VPOS="2791" HPOS="722"/>
</TextLine>
<TextLine HEIGHT="27" WIDTH="459" VPOS="2822" HPOS="280">
<String CONTENT="Duffus." HEIGHT="21" WIDTH="113" VPOS="2827" HPOS="280"/>
<SP HEIGHT="21" WIDTH="41" VPOS="2826" HPOS="393"/>
<String CONTENT="See" HEIGHT="21" WIDTH="47" VPOS="2825" HPOS="434"/>
<SP HEIGHT="20" WIDTH="18" VPOS="2824" HPOS="482"/>
<String CONTENT="DUFFUS," HEIGHT="26" WIDTH="114" VPOS="2822" HPOS="501"/>
<SP HEIGHT="26" WIDTH="23" VPOS="2822" HPOS="615"/>
<String CONTENT="ROBERT" HEIGHT="20" WIDTH="100" VPOS="2822" HPOS="638"/>
</TextLine>
<TextLine HEIGHT="21" WIDTH="113" VPOS="2857" HPOS="281">
<String CONTENT="LUTHER." HEIGHT="21" WIDTH="113" VPOS="2857" HPOS="281"/>
</TextLine>
<TextLine HEIGHT="29" WIDTH="526" VPOS="2878" HPOS="239" CS="1">
<String CONTENT="The" HEIGHT="19" WIDTH="48" VPOS="2888" HPOS="239"/>
<SP HEIGHT="15" WIDTH="19" VPOS="2892" HPOS="288"/>
<String CONTENT="reminiscences" HEIGHT="22" WIDTH="217" VPOS="2885" HPOS="308"/>
<SP HEIGHT="15" WIDTH="19" VPOS="2887" HPOS="526"/>
<String CONTENT="of" HEIGHT="21" WIDTH="31" VPOS="2881" HPOS="546"/>
<SP HEIGHT="21" WIDTH="17" VPOS="2881" HPOS="578"/>
<String CONTENT="Roger" HEIGHT="22" WIDTH="83" VPOS="2882" HPOS="596"/>
<SP HEIGHT="19" WIDTH="17" VPOS="2880" HPOS="680"/>
<String CONTENT="Nash" HEIGHT="21" WIDTH="67" VPOS="2878" HPOS="698"/>
</TextLine>
<TextLine HEIGHT="30" WIDTH="572" VPOS="2906" HPOS="275">
<String CONTENT="Baldwin." HEIGHT="21" WIDTH="128" VPOS="2914" HPOS="275"/>
<SP HEIGHT="22" WIDTH="40" VPOS="2913" HPOS="404"/>
<String CONTENT="See" HEIGHT="20" WIDTH="47" VPOS="2912" HPOS="445"/>
<SP HEIGHT="20" WIDTH="19" VPOS="2911" HPOS="493"/>
<String CONTENT="BALDWIN," HEIGHT="26" WIDTH="130" VPOS="2909" HPOS="513"/>
<SP HEIGHT="26" WIDTH="19" VPOS="2909" HPOS="644"/>
<String CONTENT="ROGER" HEIGHT="20" WIDTH="85" VPOS="2908" HPOS="664"/>
<SP HEIGHT="20" WIDTH="17" VPOS="2906" HPOS="750"/>
<String CONTENT="NASH." HEIGHT="20" WIDTH="79" VPOS="2906" HPOS="768"/>
</TextLine>
</TextBlock>
<ComposedBlock ID="Page2600_Block4" HEIGHT="2826" WIDTH="1457" VPOS="226" HPOS="926" TYPE="container">
<Shape>
<Polygon POINTS="2233,226 2383,226 2383,3050 2235,3050 2235,3051 1937,3051 1937,3052 935,3052 935,2845 934,2845 934,2547 933,2547 933,2249 932,2249 932,1951 931,1951 931,1653 930,1653 930,1355 929,1355 929,1057 928,1057 928,759 927,759 927,462 926,462 926,231 1041,231 1041,230 1339,230 1339,229 1637,229 1637,228 1935,228 1935,227 2233,227 2233,226"/>
</Shape>
<ComposedBlock ID="Page2600_Block5" HEIGHT="2718" WIDTH="729" VPOS="229" HPOS="926" TYPE="container">
<Shape>
<Polygon POINTS="1637,229 1645,229 1645,230 1646,230 1646,459 1647,459 1647,757 1648,757 1648,1055 1649,1055 1649,1353 1650,1353 1650,1651 1651,1651 1651,1949 1652,1949 1652,2247 1653,2247 1653,2545 1654,2545 1654,2842 1655,2842 1655,2944 1639,2944 1639,2945 1342,2945 1342,2946 1044,2946 1044,2947 935,2947 935,2845 934,2845 934,2547 933,2547 933,2249 932,2249 932,1951 931,1951 931,1653 930,1653 930,1355 929,1355 929,1057 928,1057 928,759 927,759 927,462 926,462 926,232 1041,232 1041,231 1339,231 1339,230 1637,230 1637,229"/>
</Shape>
<TextBlock ID="Page2600_Block6" HEIGHT="1074" WIDTH="658" VPOS="230" HPOS="962" LANG="en-US" CS="1" STYLEREFS="StyleId-112D917B-7F9E-4461-A99A-E112EE12EAEE-">
<Shape>
<Polygon POINTS="1339,230 1617,230 1617,459 1618,459 1618,757 1619,757 1619,1055 1620,1055 1620,1302 1342,1302 1342,1303 1044,1303 1044,1304 965,1304 965,1057 964,1057 964,759 963,759 963,462 962,462 962,232 1041,232 1041,231 1339,231 1339,230"/>
</Shape>
<TextLine HEIGHT="22" WIDTH="505" VPOS="236" HPOS="971" CS="1">
<String CONTENT="The" HEIGHT="19" WIDTH="47" VPOS="239" HPOS="971"/>
<SP HEIGHT="15" WIDTH="19" VPOS="243" HPOS="1019"/>
<String CONTENT="reminiscences" HEIGHT="20" WIDTH="218" VPOS="237" HPOS="1039"/>
<SP HEIGHT="15" WIDTH="20" VPOS="242" HPOS="1258"/>
<String CONTENT="of" HEIGHT="20" WIDTH="30" VPOS="237" HPOS="1279"/>
<SP HEIGHT="19" WIDTH="18" VPOS="237" HPOS="1310"/>
<String CONTENT="Samuel" HEIGHT="20" WIDTH="99" VPOS="236" HPOS="1329"/>
<SP HEIGHT="19" WIDTH="19" VPOS="236" HPOS="1429"/>
<String CONTENT="B." HEIGHT="19" WIDTH="27" VPOS="237" HPOS="1449"/>
</TextLine>
<TextLine HEIGHT="28" WIDTH="540" VPOS="263" HPOS="1005">
<String CONTENT="Bledsoe." HEIGHT="22" WIDTH="130" VPOS="266" HPOS="1005"/>
<SP HEIGHT="22" WIDTH="38" VPOS="265" HPOS="1136"/>
<String CONTENT="See" HEIGHT="20" WIDTH="49" VPOS="265" HPOS="1175"/>
<SP HEIGHT="19" WIDTH="19" VPOS="266" HPOS="1225"/>
<String CONTENT="BLEDSOE," HEIGHT="26" WIDTH="130" VPOS="264" HPOS="1245"/>
<SP HEIGHT="25" WIDTH="20" VPOS="264" HPOS="1376"/>
<String CONTENT="SAMUEL" HEIGHT="21" WIDTH="102" VPOS="263" HPOS="1397"/>
<SP HEIGHT="21" WIDTH="17" VPOS="263" HPOS="1500"/>
<String CONTENT="B." HEIGHT="20" WIDTH="27" VPOS="265" HPOS="1518"/>
</TextLine>
<TextLine HEIGHT="23" WIDTH="642" VPOS="306" HPOS="968" CS="1">
<String CONTENT="The" HEIGHT="20" WIDTH="47" VPOS="308" HPOS="968"/>
<SP HEIGHT="14" WIDTH="20" VPOS="314" HPOS="1016"/>
<String CONTENT="reminiscences" HEIGHT="22" WIDTH="217" VPOS="307" HPOS="1037"/>
<SP HEIGHT="15" WIDTH="21" VPOS="312" HPOS="1255"/>
<String CONTENT="of" HEIGHT="19" WIDTH="31" VPOS="308" HPOS="1277"/>
<SP HEIGHT="20" WIDTH="16" VPOS="307" HPOS="1309"/>
<String CONTENT="Samuel" HEIGHT="21" WIDTH="101" VPOS="306" HPOS="1326"/>
<SP HEIGHT="20" WIDTH="15" VPOS="306" HPOS="1428"/>
<String CONTENT="Dicksteln." HEIGHT="20" WIDTH="166" VPOS="306" HPOS="1444"/>
</TextLine>
<TextLine HEIGHT="28" WIDTH="370" VPOS="335" HPOS="1002">
<String CONTENT="See" HEIGHT="21" WIDTH="47" VPOS="336" HPOS="1002"/>
<SP HEIGHT="20" WIDTH="17" VPOS="336" HPOS="1050"/>
<String CONTENT="DICKSTEIN," HEIGHT="26" WIDTH="167" VPOS="336" HPOS="1068"/>
<SP HEIGHT="25" WIDTH="22" VPOS="337" HPOS="1236"/>
<String CONTENT="SAMUEL." HEIGHT="22" WIDTH="113" VPOS="335" HPOS="1259"/>
</TextLine>
<TextLine HEIGHT="27" WIDTH="507" VPOS="369" HPOS="968" CS="1">
<String CONTENT="The" HEIGHT="21" WIDTH="48" VPOS="375" HPOS="968"/>
<SP HEIGHT="15" WIDTH="20" VPOS="381" HPOS="1017"/>
<String CONTENT="reminiscences" HEIGHT="22" WIDTH="217" VPOS="373" HPOS="1038"/>
<SP HEIGHT="15" WIDTH="21" VPOS="377" HPOS="1256"/>
<String CONTENT="of" HEIGHT="19" WIDTH="30" VPOS="372" HPOS="1278"/>
<SP HEIGHT="20" WIDTH="17" VPOS="371" HPOS="1309"/>
<String CONTENT="Samuel" HEIGHT="22" WIDTH="100" VPOS="369" HPOS="1327"/>
<SP HEIGHT="20" WIDTH="19" VPOS="369" HPOS="1428"/>
<String CONTENT="J." HEIGHT="20" WIDTH="27" VPOS="369" HPOS="1448"/>
</TextLine>
<TextLine HEIGHT="29" WIDTH="507" VPOS="397" HPOS="1004">
<String CONTENT="Battle." HEIGHT="22" WIDTH="113" VPOS="403" HPOS="1004"/>
<SP HEIGHT="20" WIDTH="37" VPOS="401" HPOS="1118"/>
<String CONTENT="See" HEIGHT="21" WIDTH="49" VPOS="401" HPOS="1156"/>
<SP HEIGHT="20" WIDTH="17" VPOS="402" HPOS="1206"/>
<String CONTENT="BATTLE," HEIGHT="26" WIDTH="116" VPOS="399" HPOS="1224"/>
<SP HEIGHT="26" WIDTH="20" VPOS="398" HPOS="1341"/>
<String CONTENT="SAMUEL" HEIGHT="20" WIDTH="102" VPOS="398" HPOS="1362"/>
<SP HEIGHT="20" WIDTH="15" VPOS="397" HPOS="1465"/>
<String CONTENT="J." HEIGHT="21" WIDTH="30" VPOS="397" HPOS="1481"/>
</TextLine>
<TextLine HEIGHT="24" WIDTH="610" VPOS="441" HPOS="971" CS="1">
<String CONTENT="The" HEIGHT="21" WIDTH="49" VPOS="443" HPOS="971"/>
<SP HEIGHT="16" WIDTH="21" VPOS="448" HPOS="1020"/>
<String CONTENT="reminisoences" HEIGHT="20" WIDTH="217" VPOS="443" HPOS="1041"/>
<SP HEIGHT="14" WIDTH="22" VPOS="448" HPOS="1258"/>
<String CONTENT="of" HEIGHT="20" WIDTH="32" VPOS="443" HPOS="1280"/>
<SP HEIGHT="20" WIDTH="18" VPOS="443" HPOS="1312"/>
<String CONTENT="Sevellon" HEIGHT="21" WIDTH="137" VPOS="442" HPOS="1330"/>
<SP HEIGHT="19" WIDTH="16" VPOS="443" HPOS="1467"/>
<String CONTENT="Brown." HEIGHT="20" WIDTH="98" VPOS="443" HPOS="1483"/>
</TextLine>
<TextLine HEIGHT="29" WIDTH="337" VPOS="470" HPOS="1006">
<String CONTENT="See" HEIGHT="21" WIDTH="48" VPOS="472" HPOS="1006"/>
<SP HEIGHT="20" WIDTH="18" VPOS="472" HPOS="1055"/>
<String CONTENT="BROWN," HEIGHT="26" WIDTH="99" VPOS="472" HPOS="1074"/>
<SP HEIGHT="27" WIDTH="19" VPOS="471" HPOS="1174"/>
<String CONTENT="SEVELLON." HEIGHT="22" WIDTH="149" VPOS="470" HPOS="1194"/>
</TextLine>
<TextLine HEIGHT="32" WIDTH="529" VPOS="503" HPOS="975">
<String CONTENT="The" HEIGHT="22" WIDTH="49" VPOS="505" HPOS="975"/>
<SP HEIGHT="17" WIDTH="19" VPOS="510" HPOS="1025"/>
<String CONTENT="reminiscences" HEIGHT="23" WIDTH="218" VPOS="507" HPOS="1045"/>
<SP HEIGHT="15" WIDTH="19" VPOS="515" HPOS="1264"/>
<String CONTENT="of" HEIGHT="20" WIDTH="32" VPOS="511" HPOS="1284"/>
<SP HEIGHT="22" WIDTH="17" VPOS="510" HPOS="1317"/>
<String CONTENT="Sir" HEIGHT="23" WIDTH="49" VPOS="509" HPOS="1335"/>
<SP HEIGHT="20" WIDTH="17" VPOS="511" HPOS="1385"/>
<String CONTENT="Norman" HEIGHT="22" WIDTH="101" VPOS="511" HPOS="1403"/>
</TextLine>
<TextLine HEIGHT="33" WIDTH="542" VPOS="532" HPOS="1009">
<String CONTENT="Angell." HEIGHT="27" WIDTH="113" VPOS="533" HPOS="1009"/>
<SP HEIGHT="21" WIDTH="40" VPOS="536" HPOS="1123"/>
<String CONTENT="See" HEIGHT="21" WIDTH="48" VPOS="536" HPOS="1164"/>
<SP HEIGHT="22" WIDTH="17" VPOS="536" HPOS="1213"/>
<String CONTENT="ANGELL," HEIGHT="29" WIDTH="114" VPOS="535" HPOS="1231"/>
<SP HEIGHT="25" WIDTH="22" VPOS="538" HPOS="1346"/>
<String CONTENT="SIR" HEIGHT="21" WIDTH="51" VPOS="538" HPOS="1369"/>
<SP HEIGHT="21" WIDTH="15" VPOS="539" HPOS="1421"/>
<String CONTENT="NORMAN." HEIGHT="22" WIDTH="114" VPOS="540" HPOS="1437"/>
</TextLine>
<TextLine HEIGHT="26" WIDTH="541" VPOS="577" HPOS="970" CS="1">
<String CONTENT="The" HEIGHT="20" WIDTH="47" VPOS="579" HPOS="970"/>
<SP HEIGHT="16" WIDTH="20" VPOS="584" HPOS="1018"/>
<String CONTENT="reminiscences-of" HEIGHT="23" WIDTH="271" VPOS="578" HPOS="1039"/>
<SP HEIGHT="19" WIDTH="17" VPOS="581" HPOS="1311"/>
<String CONTENT="Solon" HEIGHT="20" WIDTH="84" VPOS="580" HPOS="1329"/>
<SP HEIGHT="20" WIDTH="17" VPOS="581" HPOS="1414"/>
<String CONTENT="Buck." HEIGHT="20" WIDTH="79" VPOS="581" HPOS="1432"/>
</TextLine>
<TextLine HEIGHT="28" WIDTH="269" VPOS="608" HPOS="1003">
<String CONTENT="See" HEIGHT="21" WIDTH="49" VPOS="608" HPOS="1003"/>
<SP HEIGHT="20" WIDTH="18" VPOS="609" HPOS="1053"/>
<String CONTENT="BUCK," HEIGHT="26" WIDTH="82" VPOS="609" HPOS="1072"/>
<SP HEIGHT="26" WIDTH="18" VPOS="609" HPOS="1155"/>
<String CONTENT="SOLON." HEIGHT="21" WIDTH="98" VPOS="609" HPOS="1174"/>
</TextLine>
<TextLine HEIGHT="25" WIDTH="578" VPOS="651" HPOS="974">
<String CONTENT="Reminiscences" HEIGHT="22" WIDTH="218" VPOS="652" HPOS="974"/>
<SP HEIGHT="16" WIDTH="19" VPOS="657" HPOS="1193"/>
<String CONTENT="of" HEIGHT="20" WIDTH="31" VPOS="653" HPOS="1213"/>
<SP HEIGHT="20" WIDTH="19" VPOS="653" HPOS="1245"/>
<String CONTENT="the" HEIGHT="20" WIDTH="47" VPOS="653" HPOS="1265"/>
<SP HEIGHT="19" WIDTH="19" VPOS="654" HPOS="1313"/>
<String CONTENT="International" HEIGHT="23" WIDTH="219" VPOS="652" HPOS="1333"/>
</TextLine>
<TextLine HEIGHT="31" WIDTH="525" VPOS="680" HPOS="1007">
<String CONTENT="Geophysical" HEIGHT="26" WIDTH="186" VPOS="681" HPOS="1007"/>
<SP HEIGHT="21" WIDTH="17" VPOS="681" HPOS="1194"/>
<String CONTENT="Year." HEIGHT="20" WIDTH="80" VPOS="682" HPOS="1212"/>
<SP HEIGHT="20" WIDTH="39" VPOS="683" HPOS="1293"/>
<String CONTENT="See" HEIGHT="21" WIDTH="48" VPOS="682" HPOS="1333"/>
<SP HEIGHT="19" WIDTH="17" VPOS="682" HPOS="1382"/>
<String CONTENT="BERKNER," HEIGHT="27" WIDTH="132" VPOS="682" HPOS="1400"/>
</TextLine>
<TextLine HEIGHT="22" WIDTH="131" VPOS="711" HPOS="1007">
<String CONTENT="LLOYD" HEIGHT="22" WIDTH="84" VPOS="711" HPOS="1007"/>
<SP HEIGHT="20" WIDTH="16" VPOS="712" HPOS="1092"/>
<String CONTENT="V." HEIGHT="20" WIDTH="29" VPOS="712" HPOS="1109"/>
</TextLine>
<TextLine HEIGHT="24" WIDTH="563" VPOS="744" HPOS="982">
<String CONTENT="The" HEIGHT="21" WIDTH="50" VPOS="747" HPOS="982"/>
<SP HEIGHT="16" WIDTH="20" VPOS="751" HPOS="1032"/>
<String CONTENT="reminiscences" HEIGHT="21" WIDTH="218" VPOS="745" HPOS="1052"/>
<SP HEIGHT="15" WIDTH="21" VPOS="750" HPOS="1270"/>
<String CONTENT="of" HEIGHT="20" WIDTH="33" VPOS="745" HPOS="1291"/>
<SP HEIGHT="21" WIDTH="18" VPOS="744" HPOS="1324"/>
<String CONTENT="the" HEIGHT="20" WIDTH="50" VPOS="744" HPOS="1342"/>
<SP HEIGHT="20" WIDTH="17" VPOS="744" HPOS="1392"/>
<String CONTENT="Reverend" HEIGHT="20" WIDTH="136" VPOS="744" HPOS="1409"/>
</TextLine>
<TextLine HEIGHT="29" WIDTH="491" VPOS="772" HPOS="1017">
<String CONTENT="George" HEIGHT="25" WIDTH="101" VPOS="775" HPOS="1017"/>
<SP HEIGHT="19" WIDTH="17" VPOS="775" HPOS="1119"/>
<String CONTENT="Barry" HEIGHT="24" WIDTH="85" VPOS="775" HPOS="1137"/>
<SP HEIGHT="25" WIDTH="14" VPOS="774" HPOS="1223"/>
<String CONTENT="Ford." HEIGHT="21" WIDTH="81" VPOS="774" HPOS="1238"/>
<SP HEIGHT="21" WIDTH="39" VPOS="773" HPOS="1320"/>
<String CONTENT="See" HEIGHT="20" WIDTH="49" VPOS="773" HPOS="1360"/>
<SP HEIGHT="19" WIDTH="16" VPOS="773" HPOS="1410"/>
<String CONTENT="FORD," HEIGHT="27" WIDTH="81" VPOS="772" HPOS="1427"/>
</TextLine>
<TextLine HEIGHT="22" WIDTH="218" VPOS="803" HPOS="1017">
<String CONTENT="GEORGE" HEIGHT="21" WIDTH="104" VPOS="804" HPOS="1017"/>
<SP HEIGHT="20" WIDTH="15" VPOS="804" HPOS="1122"/>
<String CONTENT="BARRY." HEIGHT="21" WIDTH="97" VPOS="803" HPOS="1138"/>
</TextLine>
<TextLine HEIGHT="24" WIDTH="616" VPOS="840" HPOS="980">
<String CONTENT="The" HEIGHT="22" WIDTH="49" VPOS="842" HPOS="980"/>
<SP HEIGHT="17" WIDTH="20" VPOS="846" HPOS="1030"/>
<String CONTENT="reminiscences" HEIGHT="21" WIDTH="217" VPOS="841" HPOS="1051"/>
<SP HEIGHT="15" WIDTH="21" VPOS="847" HPOS="1269"/>
<String CONTENT="of" HEIGHT="20" WIDTH="31" VPOS="842" HPOS="1291"/>
<SP HEIGHT="22" WIDTH="16" VPOS="840" HPOS="1323"/>
<String CONTENT="Walter" HEIGHT="21" WIDTH="102" VPOS="840" HPOS="1340"/>
<SP HEIGHT="20" WIDTH="18" VPOS="841" HPOS="1443"/>
<String CONTENT="Stratton" HEIGHT="20" WIDTH="134" VPOS="841" HPOS="1462"/>
</TextLine>
<TextLine HEIGHT="28" WIDTH="531" VPOS="868" HPOS="1015">
<String CONTENT="Anderson." HEIGHT="22" WIDTH="150" VPOS="869" HPOS="1015"/>
<SP HEIGHT="22" WIDTH="37" VPOS="869" HPOS="1166"/>
<String CONTENT="See" HEIGHT="22" WIDTH="48" VPOS="869" HPOS="1204"/>
<SP HEIGHT="20" WIDTH="18" VPOS="870" HPOS="1253"/>
<String CONTENT="ANDERSON," HEIGHT="27" WIDTH="149" VPOS="868" HPOS="1272"/>
<SP HEIGHT="26" WIDTH="19" VPOS="868" HPOS="1422"/>
<String CONTENT="WALTER" HEIGHT="22" WIDTH="104" VPOS="868" HPOS="1442"/>
</TextLine>
<TextLine HEIGHT="22" WIDTH="148" VPOS="898" HPOS="1017">
<String CONTENT="STRATTON." HEIGHT="22" WIDTH="148" VPOS="898" HPOS="1017"/>
</TextLine>
<TextLine HEIGHT="24" WIDTH="475" VPOS="933" HPOS="979" CS="1">
<String CONTENT="The" HEIGHT="21" WIDTH="49" VPOS="936" HPOS="979"/>
<SP HEIGHT="16" WIDTH="19" VPOS="941" HPOS="1029"/>
<String CONTENT="reminiscences" HEIGHT="21" WIDTH="219" VPOS="935" HPOS="1049"/>
<SP HEIGHT="14" WIDTH="19" VPOS="941" HPOS="1269"/>
<String CONTENT="of" HEIGHT="20" WIDTH="31" VPOS="935" HPOS="1289"/>
<SP HEIGHT="20" WIDTH="16" VPOS="935" HPOS="1321"/>
<String CONTENT="Will" HEIGHT="20" WIDTH="67" VPOS="934" HPOS="1338"/>
<SP HEIGHT="21" WIDTH="16" VPOS="933" HPOS="1406"/>
<String CONTENT="W." HEIGHT="22" WIDTH="31" VPOS="933" HPOS="1423"/>
</TextLine>
<TextLine HEIGHT="27" WIDTH="577" VPOS="963" HPOS="1013">
<String CONTENT="Alexander." HEIGHT="22" WIDTH="166" VPOS="965" HPOS="1013"/>
<SP HEIGHT="22" WIDTH="40" VPOS="964" HPOS="1180"/>
<String CONTENT="See" HEIGHT="21" WIDTH="47" VPOS="964" HPOS="1221"/>
<SP HEIGHT="20" WIDTH="17" VPOS="965" HPOS="1269"/>
<String CONTENT="ALEXANDER," HEIGHT="26" WIDTH="167" VPOS="963" HPOS="1287"/>
<SP HEIGHT="25" WIDTH="18" VPOS="963" HPOS="1455"/>
<String CONTENT="WILL" HEIGHT="20" WIDTH="70" VPOS="963" HPOS="1474"/>
<SP HEIGHT="20" WIDTH="14" VPOS="963" HPOS="1545"/>
<String CONTENT="W." HEIGHT="21" WIDTH="30" VPOS="963" HPOS="1560"/>
</TextLine>
<TextLine HEIGHT="25" WIDTH="578" VPOS="1007" HPOS="974">
<String CONTENT="The" HEIGHT="21" WIDTH="49" VPOS="1009" HPOS="974"/>
<SP HEIGHT="15" WIDTH="20" VPOS="1015" HPOS="1024"/>
<String CONTENT="reminiscences" HEIGHT="21" WIDTH="217" VPOS="1009" HPOS="1045"/>
<SP HEIGHT="14" WIDTH="19" VPOS="1015" HPOS="1263"/>
<String CONTENT="of" HEIGHT="20" WIDTH="31" VPOS="1010" HPOS="1283"/>
<SP HEIGHT="20" WIDTH="15" VPOS="1010" HPOS="1315"/>
<String CONTENT="William" HEIGHT="21" WIDTH="121" VPOS="1009" HPOS="1331"/>
<SP HEIGHT="21" WIDTH="16" VPOS="1009" HPOS="1453"/>
<String CONTENT="Adams" HEIGHT="21" WIDTH="82" VPOS="1009" HPOS="1470"/>
</TextLine>
<TextLine HEIGHT="29" WIDTH="595" VPOS="1037" HPOS="1007">
<String CONTENT="Delano." HEIGHT="21" WIDTH="116" VPOS="1038" HPOS="1007"/>
<SP HEIGHT="21" WIDTH="40" VPOS="1038" HPOS="1123"/>
<String CONTENT="See" HEIGHT="21" WIDTH="48" VPOS="1038" HPOS="1163"/>
<SP HEIGHT="20" WIDTH="18" VPOS="1039" HPOS="1211"/>
<String CONTENT="DELANO," HEIGHT="27" WIDTH="117" VPOS="1038" HPOS="1229"/>
<SP HEIGHT="26" WIDTH="20" VPOS="1038" HPOS="1346"/>
<String CONTENT="WILLIAM" HEIGHT="20" WIDTH="122" VPOS="1038" HPOS="1366"/>
<SP HEIGHT="19" WIDTH="17" VPOS="1039" HPOS="1488"/>
<String CONTENT="ADAMS." HEIGHT="21" WIDTH="97" VPOS="1039" HPOS="1505"/>
</TextLine>
<TextLine HEIGHT="23" WIDTH="525" VPOS="1081" HPOS="981" CS="1">
<String CONTENT="The" HEIGHT="21" WIDTH="49" VPOS="1083" HPOS="981"/>
<SP HEIGHT="15" WIDTH="19" VPOS="1089" HPOS="1031"/>
<String CONTENT="reminiscences" HEIGHT="20" WIDTH="219" VPOS="1083" HPOS="1051"/>
<SP HEIGHT="15" WIDTH="19" VPOS="1088" HPOS="1271"/>
<String CONTENT="of" HEIGHT="20" WIDTH="31" VPOS="1083" HPOS="1291"/>
<SP HEIGHT="20" WIDTH="15" VPOS="1082" HPOS="1323"/>
<String CONTENT="William" HEIGHT="20" WIDTH="122" VPOS="1081" HPOS="1339"/>
<SP HEIGHT="19" WIDTH="15" VPOS="1082" HPOS="1462"/>
<String CONTENT="H." HEIGHT="20" WIDTH="28" VPOS="1082" HPOS="1478"/>
</TextLine>
<TextLine HEIGHT="28" WIDTH="490" VPOS="1110" HPOS="1016">
<String CONTENT="Davis." HEIGHT="23" WIDTH="96" VPOS="1112" HPOS="1016"/>
<SP HEIGHT="22" WIDTH="40" VPOS="1112" HPOS="1113"/>
<String CONTENT="See" HEIGHT="20" WIDTH="47" VPOS="1112" HPOS="1154"/>
<SP HEIGHT="19" WIDTH="18" VPOS="1112" HPOS="1202"/>
<String CONTENT="DAVIS," HEIGHT="26" WIDTH="97" VPOS="1111" HPOS="1221"/>
<SP HEIGHT="25" WIDTH="19" VPOS="1112" HPOS="1319"/>
<String CONTENT="WILLIAM" HEIGHT="20" WIDTH="122" VPOS="1110" HPOS="1339"/>
<SP HEIGHT="21" WIDTH="15" VPOS="1110" HPOS="1462"/>
<String CONTENT="H." HEIGHT="20" WIDTH="28" VPOS="1111" HPOS="1478"/>
</TextLine>
<TextLine HEIGHT="22" WIDTH="525" VPOS="1147" HPOS="975" CS="1">
<String CONTENT="The" HEIGHT="19" WIDTH="49" VPOS="1150" HPOS="975"/>
<SP HEIGHT="16" WIDTH="18" VPOS="1153" HPOS="1025"/>
<String CONTENT="reminiscences" HEIGHT="20" WIDTH="218" VPOS="1148" HPOS="1044"/>
<SP HEIGHT="15" WIDTH="21" VPOS="1153" HPOS="1263"/>
<String CONTENT="of" HEIGHT="19" WIDTH="31" VPOS="1149" HPOS="1285"/>
<SP HEIGHT="19" WIDTH="16" VPOS="1149" HPOS="1317"/>
<String CONTENT="William" HEIGHT="20" WIDTH="120" VPOS="1148" HPOS="1334"/>
<SP HEIGHT="18" WIDTH="17" VPOS="1148" HPOS="1455"/>
<String CONTENT="S." HEIGHT="19" WIDTH="27" VPOS="1148" HPOS="1473"/>
</TextLine>
<TextLine HEIGHT="28" WIDTH="523" VPOS="1175" HPOS="1011">
<String CONTENT="Bennet." HEIGHT="22" WIDTH="112" VPOS="1177" HPOS="1011"/>
<SP HEIGHT="22" WIDTH="39" VPOS="1176" HPOS="1124"/>
<String CONTENT="See" HEIGHT="20" WIDTH="48" VPOS="1176" HPOS="1164"/>
<SP HEIGHT="19" WIDTH="19" VPOS="1177" HPOS="1213"/>
<String CONTENT="BENNET," HEIGHT="26" WIDTH="114" VPOS="1176" HPOS="1233"/>
<SP HEIGHT="26" WIDTH="18" VPOS="1175" HPOS="1348"/>
<String CONTENT="WILLIAM" HEIGHT="20" WIDTH="121" VPOS="1175" HPOS="1367"/>
<SP HEIGHT="20" WIDTH="16" VPOS="1175" HPOS="1489"/>
<String CONTENT="S." HEIGHT="20" WIDTH="28" VPOS="1175" HPOS="1506"/>
</TextLine>
<TextLine HEIGHT="26" WIDTH="598" VPOS="1213" HPOS="973">
<String CONTENT="The" HEIGHT="20" WIDTH="48" VPOS="1215" HPOS="973"/>
<SP HEIGHT="16" WIDTH="20" VPOS="1219" HPOS="1022"/>
<String CONTENT="reminiscences" HEIGHT="21" WIDTH="217" VPOS="1215" HPOS="1043"/>
<SP HEIGHT="15" WIDTH="21" VPOS="1221" HPOS="1261"/>
<String CONTENT="of" HEIGHT="20" WIDTH="30" VPOS="1216" HPOS="1283"/>
<SP HEIGHT="20" WIDTH="16" VPOS="1216" HPOS="1314"/>
<String CONTENT="William" HEIGHT="22" WIDTH="121" VPOS="1215" HPOS="1331"/>
<SP HEIGHT="20" WIDTH="14" VPOS="1217" HPOS="1453"/>
<String CONTENT="Wilson" HEIGHT="20" WIDTH="103" VPOS="1217" HPOS="1468"/>
</TextLine>
<TextLine HEIGHT="31" WIDTH="475" VPOS="1243" HPOS="1007" CS="1">
<String CONTENT="Cumberland." HEIGHT="21" WIDTH="183" VPOS="1244" HPOS="1007"/>
<SP HEIGHT="19" WIDTH="37" VPOS="1246" HPOS="1191"/>
<String CONTENT="See" HEIGHT="19" WIDTH="49" VPOS="1246" HPOS="1229"/>
<SP HEIGHT="20" WIDTH="19" VPOS="1246" HPOS="1279"/>
<String CONTENT="CUMBERLAND," HEIGHT="28" WIDTH="183" VPOS="1245" HPOS="1299"/>
</TextLine>
<TextLine HEIGHT="23" WIDTH="253" VPOS="1275" HPOS="1005">
<String CONTENT="WILLIAM" HEIGHT="21" WIDTH="122" VPOS="1275" HPOS="1005"/>
<SP HEIGHT="20" WIDTH="12" VPOS="1275" HPOS="1128"/>
<String CONTENT="WILSON." HEIGHT="22" WIDTH="117" VPOS="1275" HPOS="1141"/>
</TextLine>
</TextBlock>
<TextBlock ID="Page2600_Block7" HEIGHT="1609" WIDTH="726" VPOS="1338" HPOS="929" LANG="en-US" CS="1" STYLEREFS="StyleId-112D917B-7F9E-4461-A99A-E112EE12EAEE-">
<Shape>
<Polygon POINTS="1637,1338 1649,1338 1649,1353 1650,1353 1650,1651 1651,1651 1651,1949 1652,1949 1652,2247 1653,2247 1653,2545 1654,2545 1654,2842 1655,2842 1655,2944 1639,2944 1639,2945 1342,2945 1342,2946 1044,2946 1044,2947 935,2947 935,2845 934,2845 934,2547 933,2547 933,2249 932,2249 932,1951 931,1951 931,1653 930,1653 930,1355 929,1355 929,1341 1041,1341 1041,1340 1339,1340 1339,1339 1637,1339 1637,1338"/>
</Shape>
<TextLine HEIGHT="25" WIDTH="507" VPOS="1345" HPOS="949">
<String CONTENT="COLUMBIAN" HEIGHT="23" WIDTH="152" VPOS="1346" HPOS="949"/>
<SP HEIGHT="21" WIDTH="17" VPOS="1347" HPOS="1101"/>
<String CONTENT="HERITAGE" HEIGHT="21" WIDTH="137" VPOS="1347" HPOS="1118"/>
<SP HEIGHT="20" WIDTH="17" VPOS="1348" HPOS="1255"/>
<String CONTENT="ASSOCIATES." HEIGHT="23" WIDTH="184" VPOS="1346" HPOS="1272"/>
</TextLine>
<TextLine HEIGHT="27" WIDTH="581" VPOS="1374" HPOS="982">
<String CONTENT="A" HEIGHT="21" WIDTH="15" VPOS="1376" HPOS="982"/>
<SP HEIGHT="25" WIDTH="18" VPOS="1376" HPOS="998"/>
<String CONTENT="glimpse" HEIGHT="26" WIDTH="116" VPOS="1375" HPOS="1017"/>
<SP HEIGHT="15" WIDTH="19" VPOS="1380" HPOS="1134"/>
<String CONTENT="at" HEIGHT="18" WIDTH="30" VPOS="1377" HPOS="1154"/>
<SP HEIGHT="19" WIDTH="19" VPOS="1377" HPOS="1185"/>
<String CONTENT="American" HEIGHT="21" WIDTH="136" VPOS="1375" HPOS="1205"/>
<SP HEIGHT="19" WIDTH="15" VPOS="1375" HPOS="1342"/>
<String CONTENT="history" HEIGHT="24" WIDTH="120" VPOS="1375" HPOS="1358"/>
<SP HEIGHT="23" WIDTH="17" VPOS="1376" HPOS="1479"/>
<String CONTENT="from" HEIGHT="19" WIDTH="66" VPOS="1376" HPOS="1497"/>
</TextLine>
<TextLine HEIGHT="24" WIDTH="524" VPOS="1402" HPOS="1017">
<String CONTENT="the" HEIGHT="22" WIDTH="47" VPOS="1403" HPOS="1017"/>
<SP HEIGHT="15" WIDTH="19" VPOS="1409" HPOS="1065"/>
<String CONTENT="roof" HEIGHT="19" WIDTH="66" VPOS="1404" HPOS="1085"/>
<SP HEIGHT="19" WIDTH="18" VPOS="1404" HPOS="1152"/>
<String CONTENT="terrace" HEIGHT="19" WIDTH="116" VPOS="1405" HPOS="1171"/>
<SP HEIGHT="15" WIDTH="20" VPOS="1409" HPOS="1288"/>
<String CONTENT="of" HEIGHT="20" WIDTH="30" VPOS="1404" HPOS="1309"/>
<SP HEIGHT="20" WIDTH="18" VPOS="1403" HPOS="1340"/>
<String CONTENT="the" HEIGHT="20" WIDTH="48" VPOS="1403" HPOS="1359"/>
<SP HEIGHT="20" WIDTH="19" VPOS="1404" HPOS="1408"/>
<String CONTENT="John" HEIGHT="20" WIDTH="67" VPOS="1404" HPOS="1428"/>
<SP HEIGHT="19" WIDTH="16" VPOS="1405" HPOS="1496"/>
<String CONTENT="F." HEIGHT="19" WIDTH="28" VPOS="1405" HPOS="1513"/>
</TextLine>
<TextLine HEIGHT="27" WIDTH="562" VPOS="1431" HPOS="1017">
<String CONTENT="Kennedy" HEIGHT="26" WIDTH="118" VPOS="1432" HPOS="1017"/>
<SP HEIGHT="24" WIDTH="18" VPOS="1433" HPOS="1136"/>
<String CONTENT="Center" HEIGHT="19" WIDTH="97" VPOS="1433" HPOS="1155"/>
<SP HEIGHT="19" WIDTH="20" VPOS="1433" HPOS="1253"/>
<String CONTENT="for" HEIGHT="19" WIDTH="48" VPOS="1433" HPOS="1274"/>
<SP HEIGHT="20" WIDTH="18" VPOS="1432" HPOS="1323"/>
<String CONTENT="the" HEIGHT="20" WIDTH="48" VPOS="1431" HPOS="1342"/>
<SP HEIGHT="19" WIDTH="20" VPOS="1432" HPOS="1391"/>
<String CONTENT="Performing" HEIGHT="23" WIDTH="167" VPOS="1432" HPOS="1412"/>
</TextLine>
<TextLine HEIGHT="28" WIDTH="559" VPOS="1460" HPOS="1017">
<String CONTENT="Arts." HEIGHT="21" WIDTH="79" VPOS="1461" HPOS="1017"/>
<SP HEIGHT="21" WIDTH="38" VPOS="1461" HPOS="1097"/>
<String CONTENT="See" HEIGHT="21" WIDTH="49" VPOS="1461" HPOS="1136"/>
<SP HEIGHT="19" WIDTH="19" VPOS="1463" HPOS="1186"/>
<String CONTENT="EASTER," HEIGHT="25" WIDTH="114" VPOS="1462" HPOS="1206"/>
<SP HEIGHT="25" WIDTH="20" VPOS="1462" HPOS="1321"/>
<String CONTENT="YVONNE" HEIGHT="20" WIDTH="102" VPOS="1461" HPOS="1342"/>
<SP HEIGHT="21" WIDTH="16" VPOS="1461" HPOS="1445"/>
<String CONTENT="KUNEIS." HEIGHT="21" WIDTH="114" VPOS="1461" HPOS="1462"/>
</TextLine>
<TextLine HEIGHT="30" WIDTH="697" VPOS="1522" HPOS="942" CS="1">
<String CONTENT="COLUMBIAN" HEIGHT="21" WIDTH="151" VPOS="1525" HPOS="942"/>
<SP HEIGHT="20" WIDTH="18" VPOS="1525" HPOS="1094"/>
<String CONTENT="1972;" HEIGHT="24" WIDTH="79" VPOS="1524" HPOS="1113"/>
<SP HEIGHT="22" WIDTH="21" VPOS="1526" HPOS="1193"/>
<String CONTENT="Columbia" HEIGHT="21" WIDTH="134" VPOS="1524" HPOS="1215"/>
<SP HEIGHT="20" WIDTH="20" VPOS="1524" HPOS="1350"/>
<String CONTENT="College," HEIGHT="26" WIDTH="129" VPOS="1524" HPOS="1371"/>
<SP HEIGHT="24" WIDTH="21" VPOS="1526" HPOS="1501"/>
<String CONTENT="Barnard" HEIGHT="21" WIDTH="116" VPOS="1524" HPOS="1523"/>
</TextLine>
<TextLine HEIGHT="28" WIDTH="541" VPOS="1551" HPOS="976">
<String CONTENT="College" HEIGHT="26" WIDTH="116" VPOS="1553" HPOS="976"/>
<SP HEIGHT="19" WIDTH="20" VPOS="1554" HPOS="1093"/>
<String CONTENT="in" HEIGHT="19" WIDTH="31" VPOS="1554" HPOS="1114"/>
<SP HEIGHT="20" WIDTH="18" VPOS="1552" HPOS="1146"/>
<String CONTENT="the" HEIGHT="21" WIDTH="48" VPOS="1552" HPOS="1165"/>
<SP HEIGHT="15" WIDTH="18" VPOS="1558" HPOS="1214"/>
<String CONTENT="city" HEIGHT="24" WIDTH="67" VPOS="1554" HPOS="1233"/>
<SP HEIGHT="20" WIDTH="17" VPOS="1558" HPOS="1301"/>
<String CONTENT="of" HEIGHT="20" WIDTH="31" VPOS="1553" HPOS="1319"/>
<SP HEIGHT="20" WIDTH="17" VPOS="1553" HPOS="1351"/>
<String CONTENT="New" HEIGHT="20" WIDTH="49" VPOS="1553" HPOS="1369"/>
<SP HEIGHT="20" WIDTH="17" VPOS="1553" HPOS="1419"/>
<String CONTENT="York." HEIGHT="21" WIDTH="80" VPOS="1553" HPOS="1437"/>
</TextLine>
<TextLine HEIGHT="31" WIDTH="541" VPOS="1577" HPOS="976" CS="1">
<String CONTENT="Vol.124." HEIGHT="25" WIDTH="129" VPOS="1578" HPOS="976"/>
<SP/>
<String CONTENT="165" HEIGHT="29" WIDTH="46" VPOS="1578" HPOS="1148"/>
<SP HEIGHT="24" WIDTH="20" VPOS="1583" HPOS="1195"/>
<String CONTENT="p." HEIGHT="20" WIDTH="26" VPOS="1587" HPOS="1216"/>
<SP HEIGHT="20" WIDTH="40" VPOS="1583" HPOS="1243"/>
<String CONTENT="Appl." HEIGHT="25" WIDTH="78" VPOS="1582" HPOS="1284"/>
<SP HEIGHT="16" WIDTH="23" VPOS="1586" HPOS="1363"/>
<String CONTENT="authors:" HEIGHT="21" WIDTH="130" VPOS="1581" HPOS="1387"/>
</TextLine>
<TextLine HEIGHT="29" WIDTH="666" VPOS="1608" HPOS="976">
<String CONTENT="Betsy" HEIGHT="25" WIDTH="84" VPOS="1611" HPOS="976"/>
<SP HEIGHT="23" WIDTH="18" VPOS="1612" HPOS="1061"/>
<String CONTENT="Nichols" HEIGHT="21" WIDTH="115" VPOS="1610" HPOS="1080"/>
<SP HEIGHT="20" WIDTH="19" VPOS="1611" HPOS="1196"/>
<String CONTENT="&amp;" HEIGHT="20" WIDTH="16" VPOS="1611" HPOS="1216"/>
<SP HEIGHT="20" WIDTH="16" VPOS="1611" HPOS="1233"/>
<String CONTENT="Toby" HEIGHT="25" WIDTH="67" VPOS="1611" HPOS="1250"/>
<SP HEIGHT="24" WIDTH="17" VPOS="1612" HPOS="1318"/>
<String CONTENT="Levy." HEIGHT="25" WIDTH="78" VPOS="1611" HPOS="1336"/>
<SP HEIGHT="20" WIDTH="38" VPOS="1610" HPOS="1415"/>
<String CONTENT="&#169;" HEIGHT="19" WIDTH="20" VPOS="1610" HPOS="1454"/>
<SP HEIGHT="21" WIDTH="14" VPOS="1610" HPOS="1475"/>
<String CONTENT="Columbian" HEIGHT="22" WIDTH="152" VPOS="1609" HPOS="1490"/>
</TextLine>
<TextLine HEIGHT="30" WIDTH="386" VPOS="1636" HPOS="978" CS="1">
<String CONTENT="1972;" HEIGHT="24" WIDTH="79" VPOS="1640" HPOS="978"/>
<SP HEIGHT="23" WIDTH="23" VPOS="1640" HPOS="1057"/>
<String CONTENT="19May72;" HEIGHT="25" WIDTH="131" VPOS="1640" HPOS="1080"/>
<SP HEIGHT="23" WIDTH="21" VPOS="1641" HPOS="1211"/>
<!-- cceid 4C218884-6E5A-1014-8662-AF35A7EA7700 --><String CS="1" CONTENT="A348676." HEIGHT="28" WIDTH="132" VPOS="1636" HPOS="1232"/>
</TextLine>
<TextLine HEIGHT="28" WIDTH="370" VPOS="1694" HPOS="937">
<String CONTENT="COLUMBUS," HEIGHT="28" WIDTH="147" VPOS="1694" HPOS="937"/>
<SP HEIGHT="25" WIDTH="21" VPOS="1696" HPOS="1085"/>
<String CONTENT="CHRISTOPHER." HEIGHT="23" WIDTH="200" VPOS="1696" HPOS="1107"/>
</TextLine>
<TextLine HEIGHT="30" WIDTH="558" VPOS="1723" HPOS="970" CS="1">
<String CONTENT="The" HEIGHT="20" WIDTH="47" VPOS="1725" HPOS="970"/>
<SP HEIGHT="15" WIDTH="18" VPOS="1730" HPOS="1018"/>
<String CONTENT="will" HEIGHT="21" WIDTH="67" VPOS="1725" HPOS="1037"/>
<SP HEIGHT="20" WIDTH="18" VPOS="1725" HPOS="1105"/>
<String CONTENT="of" HEIGHT="21" WIDTH="32" VPOS="1725" HPOS="1124"/>
<SP HEIGHT="21" WIDTH="17" VPOS="1725" HPOS="1157"/>
<String CONTENT="Christopher" HEIGHT="27" WIDTH="186" VPOS="1725" HPOS="1175"/>
<SP HEIGHT="19" WIDTH="17" VPOS="1727" HPOS="1362"/>
<String CONTENT="Columbus." HEIGHT="23" WIDTH="148" VPOS="1727" HPOS="1380"/>
</TextLine>
<TextLine HEIGHT="30" WIDTH="563" VPOS="1752" HPOS="1002">
<String CONTENT="With" HEIGHT="21" WIDTH="69" VPOS="1753" HPOS="1002"/>
<SP HEIGHT="19" WIDTH="18" VPOS="1754" HPOS="1072"/>
<String CONTENT="footnotes," HEIGHT="27" WIDTH="163" VPOS="1754" HPOS="1091"/>
<SP HEIGHT="24" WIDTH="23" VPOS="1757" HPOS="1255"/>
<String CONTENT="interpretations" HEIGHT="26" WIDTH="250" VPOS="1755" HPOS="1279"/>
<SP HEIGHT="19" WIDTH="19" VPOS="1758" HPOS="1530"/>
<String CONTENT="&amp;" HEIGHT="19" WIDTH="15" VPOS="1758" HPOS="1550"/>
</TextLine>
<TextLine HEIGHT="31" WIDTH="523" VPOS="1781" HPOS="1004">
<String CONTENT="explanations" HEIGHT="25" WIDTH="200" VPOS="1782" HPOS="1004"/>
<SP HEIGHT="20" WIDTH="20" VPOS="1789" HPOS="1205"/>
<String CONTENT="given" HEIGHT="24" WIDTH="83" VPOS="1785" HPOS="1226"/>
<SP HEIGHT="20" WIDTH="17" VPOS="1785" HPOS="1310"/>
<String CONTENT="by" HEIGHT="26" WIDTH="33" VPOS="1784" HPOS="1328"/>
<SP HEIGHT="25" WIDTH="16" VPOS="1784" HPOS="1362"/>
<String CONTENT="Joseph" HEIGHT="26" WIDTH="100" VPOS="1784" HPOS="1379"/>
<SP HEIGHT="20" WIDTH="17" VPOS="1786" HPOS="1480"/>
<String CONTENT="R." HEIGHT="21" WIDTH="29" VPOS="1786" HPOS="1498"/>
</TextLine>
<TextLine HEIGHT="35" WIDTH="611" VPOS="1807" HPOS="1001">
<String CONTENT="Muratore." HEIGHT="24" WIDTH="149" VPOS="1809" HPOS="1001"/>
<SP HEIGHT="31" WIDTH="43" VPOS="1808" HPOS="1151"/>
<String CONTENT="(In" HEIGHT="31" WIDTH="46" VPOS="1808" HPOS="1195"/>
<SP HEIGHT="20" WIDTH="16" VPOS="1813" HPOS="1242"/>
<String CONTENT="The" HEIGHT="20" WIDTH="48" VPOS="1813" HPOS="1259"/>
<SP HEIGHT="19" WIDTH="19" VPOS="1814" HPOS="1308"/>
<String CONTENT="Echo," HEIGHT="26" WIDTH="80" VPOS="1813" HPOS="1328"/>
<SP HEIGHT="25" WIDTH="20" VPOS="1813" HPOS="1409"/>
<String CONTENT="Providence," HEIGHT="27" WIDTH="182" VPOS="1813" HPOS="1430"/>
</TextLine>
<TextLine HEIGHT="34" WIDTH="440" VPOS="1837" HPOS="1002" CS="1">
<String CONTENT="Sept." HEIGHT="27" WIDTH="80" VPOS="1838" HPOS="1002"/>
<SP HEIGHT="21" WIDTH="21" VPOS="1839" HPOS="1083"/>
<String CONTENT="21," HEIGHT="26" WIDTH="45" VPOS="1839" HPOS="1105"/>
<SP HEIGHT="25" WIDTH="22" VPOS="1840" HPOS="1151"/>
<String CONTENT="1972," HEIGHT="27" WIDTH="79" VPOS="1840" HPOS="1174"/>
<SP HEIGHT="20" WIDTH="21" VPOS="1847" HPOS="1254"/>
<String CONTENT="p.3," HEIGHT="25" WIDTH="63" VPOS="1843" HPOS="1276"/>
<SP HEIGHT="21" WIDTH="21" VPOS="1847" HPOS="1340"/>
<String CONTENT="etc.)" HEIGHT="30" WIDTH="80" VPOS="1839" HPOS="1362"/>
</TextLine>
<TextLine HEIGHT="33" WIDTH="477" VPOS="1864" HPOS="1002">
<String CONTENT="NM:" HEIGHT="23" WIDTH="46" VPOS="1865" HPOS="1002"/>
<SP HEIGHT="20" WIDTH="21" VPOS="1868" HPOS="1049"/>
<String CONTENT="translation," HEIGHT="28" WIDTH="199" VPOS="1868" HPOS="1071"/>
<SP HEIGHT="25" WIDTH="22" VPOS="1871" HPOS="1271"/>
<String CONTENT="footnotes" HEIGHT="21" WIDTH="149" VPOS="1870" HPOS="1294"/>
<SP HEIGHT="19" WIDTH="18" VPOS="1871" HPOS="1444"/>
<String CONTENT="&amp;" HEIGHT="19" WIDTH="16" VPOS="1871" HPOS="1463"/>
</TextLine>
<TextLine HEIGHT="32" WIDTH="489" VPOS="1895" HPOS="1003" CS="1">
<String CONTENT="interpretations." HEIGHT="27" WIDTH="266" VPOS="1896" HPOS="1003"/>
<SP HEIGHT="21" WIDTH="35" VPOS="1900" HPOS="1270"/>
<String CONTENT="&#169;" HEIGHT="20" WIDTH="20" VPOS="1900" HPOS="1306"/>
<SP HEIGHT="21" WIDTH="17" VPOS="1899" HPOS="1327"/>
<String CONTENT="Joseph" HEIGHT="26" WIDTH="100" VPOS="1899" HPOS="1345"/>
<SP HEIGHT="20" WIDTH="16" VPOS="1900" HPOS="1446"/>
<String CONTENT="R." HEIGHT="22" WIDTH="29" VPOS="1900" HPOS="1463"/>
</TextLine>
<TextLine HEIGHT="31" WIDTH="458" VPOS="1924" HPOS="1000" CS="1">
<String CONTENT="Muratore;" HEIGHT="27" WIDTH="150" VPOS="1925" HPOS="1000"/>
<SP HEIGHT="24" WIDTH="23" VPOS="1927" HPOS="1150"/>
<String CONTENT="21Sep72;" HEIGHT="27" WIDTH="131" VPOS="1927" HPOS="1173"/>
<SP HEIGHT="24" WIDTH="23" VPOS="1930" HPOS="1304"/>
<!-- cceid 4C2380E7-6E5A-1014-8662-AF35A7EA7700 --><String CS="1" CONTENT="BB41928." HEIGHT="29" WIDTH="114" VPOS="1924" HPOS="1344"/>
</TextLine>
<TextLine HEIGHT="34" WIDTH="558" VPOS="1983" HPOS="951" CS="1">
<String CONTENT="COLUMBUS" HEIGHT="26" WIDTH="134" VPOS="1984" HPOS="951"/>
<SP HEIGHT="21" WIDTH="16" VPOS="1988" HPOS="1086"/>
<String CONTENT="MUSEUM" HEIGHT="22" WIDTH="104" VPOS="1988" HPOS="1103"/>
<SP HEIGHT="21" WIDTH="16" VPOS="1989" HPOS="1208"/>
<String CONTENT="OF" HEIGHT="20" WIDTH="33" VPOS="1990" HPOS="1225"/>
<SP HEIGHT="21" WIDTH="16" VPOS="1989" HPOS="1259"/>
<String CONTENT="ARTS" HEIGHT="23" WIDTH="66" VPOS="1988" HPOS="1276"/>
<SP HEIGHT="20" WIDTH="18" VPOS="1990" HPOS="1343"/>
<String CONTENT="&amp;" HEIGHT="20" WIDTH="16" VPOS="1990" HPOS="1362"/>
<SP HEIGHT="20" WIDTH="16" VPOS="1990" HPOS="1379"/>
<String CONTENT="CRAFTS," HEIGHT="25" WIDTH="113" VPOS="1990" HPOS="1396"/>
</TextLine>
<TextLine HEIGHT="32" WIDTH="77" VPOS="2015" HPOS="988">
<String CONTENT="(GA.)" HEIGHT="32" WIDTH="77" VPOS="2015" HPOS="988"/>
</TextLine>
<TextLine HEIGHT="29" WIDTH="529" VPOS="2046" HPOS="984">
<String CONTENT="The" HEIGHT="21" WIDTH="48" VPOS="2048" HPOS="984"/>
<SP HEIGHT="16" WIDTH="21" VPOS="2053" HPOS="1033"/>
<String CONTENT="recent" HEIGHT="20" WIDTH="98" VPOS="2048" HPOS="1055"/>
<SP HEIGHT="24" WIDTH="17" VPOS="2048" HPOS="1154"/>
<String CONTENT="paintings" HEIGHT="25" WIDTH="150" VPOS="2049" HPOS="1172"/>
<SP HEIGHT="16" WIDTH="22" VPOS="2053" HPOS="1323"/>
<String CONTENT="of" HEIGHT="19" WIDTH="31" VPOS="2049" HPOS="1346"/>
<SP HEIGHT="20" WIDTH="18" VPOS="2049" HPOS="1378"/>
<String CONTENT="Colleen" HEIGHT="21" WIDTH="116" VPOS="2049" HPOS="1397"/>
</TextLine>
<TextLine HEIGHT="30" WIDTH="559" VPOS="2075" HPOS="1018">
<String CONTENT="Browning." HEIGHT="26" WIDTH="148" VPOS="2076" HPOS="1018"/>
<SP HEIGHT="20" WIDTH="39" VPOS="2077" HPOS="1167"/>
<String CONTENT="See" HEIGHT="21" WIDTH="48" VPOS="2077" HPOS="1207"/>
<SP HEIGHT="19" WIDTH="18" VPOS="2079" HPOS="1256"/>
<String CONTENT="BROWNING," HEIGHT="27" WIDTH="148" VPOS="2077" HPOS="1275"/>
<SP HEIGHT="25" WIDTH="22" VPOS="2078" HPOS="1424"/>
<String CONTENT="COLLEEN." HEIGHT="21" WIDTH="130" VPOS="2078" HPOS="1447"/>
</TextLine>
<TextLine HEIGHT="26" WIDTH="215" VPOS="2127" HPOS="947">
<String CONTENT="COLVIN," HEIGHT="26" WIDTH="112" VPOS="2127" HPOS="947"/>
<SP HEIGHT="25" WIDTH="21" VPOS="2127" HPOS="1060"/>
<String CONTENT="JOHN." HEIGHT="21" WIDTH="80" VPOS="2127" HPOS="1082"/>
</TextLine>
<TextLine HEIGHT="58" WIDTH="579" VPOS="2153" HPOS="980" CS="1">
<String CONTENT="Supervisory" HEIGHT="26" WIDTH="184" VPOS="2156" HPOS="980"/>
<SP HEIGHT="24" WIDTH="18" VPOS="2156" HPOS="1165"/>
<String CONTENT="training:" HEIGHT="24" WIDTH="147" VPOS="2156" HPOS="1184"/>
<SP HEIGHT="16" WIDTH="20" VPOS="2159" HPOS="1332"/>
<String CONTENT="why" HEIGHT="24" WIDTH="50" VPOS="2154" HPOS="1353"/>
<SP HEIGHT="24" WIDTH="19" VPOS="2154" HPOS="1404"/>
<String CONTENT="it" HEIGHT="19" WIDTH="30" VPOS="2154" HPOS="1424"/>
<SP HEIGHT="21" WIDTH="19" VPOS="2153" HPOS="1455"/>
<String CONTENT="is" HEIGHT="21" WIDTH="30" VPOS="2153" HPOS="1475"/>
<SP HEIGHT="20" WIDTH="19" VPOS="2153" HPOS="1506"/>
<String CONTENT="important" HEIGHT="58" WIDTH="545" VPOS="2153" HPOS="1014"/>
<SP HEIGHT="19" WIDTH="18" VPOS="2185" HPOS="1132"/>
<String CONTENT="to" HEIGHT="20" WIDTH="32" VPOS="2185" HPOS="1151"/>
<SP HEIGHT="21" WIDTH="17" VPOS="2184" HPOS="1184"/>
<String CONTENT="take" HEIGHT="21" WIDTH="65" VPOS="2184" HPOS="1202"/>
<SP HEIGHT="15" WIDTH="16" VPOS="2189" HPOS="1268"/>
<String CONTENT="women" HEIGHT="16" WIDTH="85" VPOS="2188" HPOS="1285"/>
<SP HEIGHT="15" WIDTH="19" VPOS="2187" HPOS="1371"/>
<String CONTENT="seriously." HEIGHT="25" WIDTH="162" VPOS="2182" HPOS="1391"/>
</TextLine>
<TextLine HEIGHT="24" WIDTH="492" VPOS="2211" HPOS="1015">
<String CONTENT="See" HEIGHT="20" WIDTH="47" VPOS="2214" HPOS="1015"/>
<SP HEIGHT="19" WIDTH="18" VPOS="2214" HPOS="1063"/>
<String CONTENT="NATIONAL" HEIGHT="21" WIDTH="136" VPOS="2213" HPOS="1082"/>
<SP HEIGHT="21" WIDTH="16" VPOS="2213" HPOS="1219"/>
<String CONTENT="ORGANIZATION" HEIGHT="21" WIDTH="203" VPOS="2212" HPOS="1236"/>
<SP HEIGHT="21" WIDTH="17" VPOS="2211" HPOS="1440"/>
<String CONTENT="FOR" HEIGHT="20" WIDTH="49" VPOS="2211" HPOS="1458"/>
</TextLine>
<TextLine HEIGHT="24" WIDTH="527" VPOS="2240" HPOS="1011">
<String CONTENT="WOMEN." HEIGHT="21" WIDTH="100" VPOS="2243" HPOS="1011"/>
<SP HEIGHT="20" WIDTH="40" VPOS="2243" HPOS="1111"/>
<String CONTENT="GENESEE" HEIGHT="21" WIDTH="118" VPOS="2242" HPOS="1151"/>
<SP HEIGHT="19" WIDTH="18" VPOS="2243" HPOS="1269"/>
<String CONTENT="VALLEY" HEIGHT="21" WIDTH="104" VPOS="2241" HPOS="1287"/>
<SP HEIGHT="19" WIDTH="17" VPOS="2241" HPOS="1391"/>
<String CONTENT="CHAPTER." HEIGHT="21" WIDTH="130" VPOS="2240" HPOS="1408"/>
</TextLine>
<TextLine HEIGHT="27" WIDTH="251" VPOS="2294" HPOS="952">
<String CONTENT="COLVIN," HEIGHT="27" WIDTH="115" VPOS="2294" HPOS="952"/>
<SP HEIGHT="24" WIDTH="20" VPOS="2296" HPOS="1068"/>
<String CONTENT="RUTH" HEIGHT="20" WIDTH="70" VPOS="2295" HPOS="1089"/>
<SP HEIGHT="20" WIDTH="14" VPOS="2295" HPOS="1160"/>
<String CONTENT="J." HEIGHT="21" WIDTH="28" VPOS="2295" HPOS="1175"/>
</TextLine>
<TextLine HEIGHT="27" WIDTH="630" VPOS="2322" HPOS="988">
<String CONTENT="LEADER:" HEIGHT="21" WIDTH="112" VPOS="2324" HPOS="988"/>
<SP HEIGHT="20" WIDTH="24" VPOS="2323" HPOS="1101"/>
<String CONTENT="literacy" HEIGHT="25" WIDTH="135" VPOS="2323" HPOS="1126"/>
<SP HEIGHT="20" WIDTH="17" VPOS="2328" HPOS="1262"/>
<String CONTENT="education" HEIGHT="21" WIDTH="152" VPOS="2322" HPOS="1280"/>
<SP HEIGHT="15" WIDTH="16" VPOS="2326" HPOS="1433"/>
<String CONTENT="assistance" HEIGHT="20" WIDTH="168" VPOS="2322" HPOS="1450"/>
</TextLine>
<TextLine HEIGHT="28" WIDTH="578" VPOS="2350" HPOS="1022">
<String CONTENT="for" HEIGHT="20" WIDTH="49" VPOS="2352" HPOS="1022"/>
<SP HEIGHT="19" WIDTH="19" VPOS="2352" HPOS="1072"/>
<String CONTENT="the" HEIGHT="20" WIDTH="46" VPOS="2351" HPOS="1092"/>
<SP HEIGHT="18" WIDTH="20" VPOS="2353" HPOS="1139"/>
<String CONTENT="development" HEIGHT="26" WIDTH="185" VPOS="2351" HPOS="1160"/>
<SP HEIGHT="19" WIDTH="18" VPOS="2351" HPOS="1346"/>
<String CONTENT="of" HEIGHT="19" WIDTH="32" VPOS="2351" HPOS="1365"/>
<SP HEIGHT="19" WIDTH="18" VPOS="2351" HPOS="1398"/>
<String CONTENT="educational" HEIGHT="21" WIDTH="183" VPOS="2350" HPOS="1417"/>
</TextLine>
<TextLine HEIGHT="27" WIDTH="611" VPOS="2379" HPOS="1022">
<String CONTENT="resources;" HEIGHT="21" WIDTH="166" VPOS="2385" HPOS="1022"/>
<SP HEIGHT="19" WIDTH="21" VPOS="2386" HPOS="1189"/>
<String CONTENT="a" HEIGHT="14" WIDTH="14" VPOS="2386" HPOS="1211"/>
<SP HEIGHT="19" WIDTH="19" VPOS="2381" HPOS="1226"/>
<String CONTENT="handbook" HEIGHT="20" WIDTH="134" VPOS="2380" HPOS="1246"/>
<SP HEIGHT="20" WIDTH="17" VPOS="2379" HPOS="1381"/>
<String CONTENT="for" HEIGHT="21" WIDTH="47" VPOS="2379" HPOS="1399"/>
<SP HEIGHT="16" WIDTH="19" VPOS="2384" HPOS="1447"/>
<String CONTENT="organizers" HEIGHT="23" WIDTH="166" VPOS="2380" HPOS="1467"/>
</TextLine>
<TextLine HEIGHT="28" WIDTH="610" VPOS="2407" HPOS="1023">
<String CONTENT="of" HEIGHT="21" WIDTH="30" VPOS="2409" HPOS="1023"/>
<SP HEIGHT="20" WIDTH="16" VPOS="2409" HPOS="1054"/>
<String CONTENT="basic" HEIGHT="20" WIDTH="84" VPOS="2409" HPOS="1071"/>
<SP HEIGHT="15" WIDTH="19" VPOS="2414" HPOS="1156"/>
<String CONTENT="reading" HEIGHT="25" WIDTH="117" VPOS="2409" HPOS="1176"/>
<SP HEIGHT="20" WIDTH="19" VPOS="2414" HPOS="1294"/>
<String CONTENT="programs" HEIGHT="22" WIDTH="132" VPOS="2412" HPOS="1314"/>
<SP HEIGHT="20" WIDTH="19" VPOS="2407" HPOS="1447"/>
<String CONTENT="for" HEIGHT="20" WIDTH="49" VPOS="2407" HPOS="1467"/>
<SP HEIGHT="16" WIDTH="18" VPOS="2412" HPOS="1517"/>
<String CONTENT="adults" HEIGHT="20" WIDTH="97" VPOS="2408" HPOS="1536"/>
</TextLine>
<TextLine HEIGHT="27" WIDTH="545" VPOS="2436" HPOS="1021">
<String CONTENT="and" HEIGHT="20" WIDTH="48" VPOS="2438" HPOS="1021"/>
<SP HEIGHT="19" WIDTH="20" VPOS="2438" HPOS="1070"/>
<String CONTENT="teenagers." HEIGHT="24" WIDTH="163" VPOS="2438" HPOS="1091"/>
<SP HEIGHT="20" WIDTH="39" VPOS="2438" HPOS="1255"/>
<String CONTENT="Chicago," HEIGHT="26" WIDTH="131" VPOS="2436" HPOS="1295"/>
<SP HEIGHT="24" WIDTH="22" VPOS="2437" HPOS="1427"/>
<String CONTENT="Follett" HEIGHT="19" WIDTH="116" VPOS="2437" HPOS="1450"/>
</TextLine>
<TextLine HEIGHT="29" WIDTH="610" VPOS="2464" HPOS="1021">
<String CONTENT="Pub." HEIGHT="22" WIDTH="61" VPOS="2466" HPOS="1021"/>
<SP HEIGHT="19" WIDTH="22" VPOS="2467" HPOS="1083"/>
<String CONTENT="Co." HEIGHT="19" WIDTH="45" VPOS="2467" HPOS="1106"/>
<SP HEIGHT="24" WIDTH="38" VPOS="2467" HPOS="1152"/>
<String CONTENT="55" HEIGHT="24" WIDTH="31" VPOS="2467" HPOS="1191"/>
<SP HEIGHT="25" WIDTH="20" VPOS="2467" HPOS="1223"/>
<String CONTENT="p." HEIGHT="20" WIDTH="27" VPOS="2472" HPOS="1244"/>
<SP HEIGHT="21" WIDTH="37" VPOS="2466" HPOS="1272"/>
<String CONTENT="&#169;" HEIGHT="19" WIDTH="20" VPOS="2466" HPOS="1310"/>
<SP HEIGHT="21" WIDTH="15" VPOS="2465" HPOS="1331"/>
<String CONTENT="Follett" HEIGHT="21" WIDTH="117" VPOS="2464" HPOS="1347"/>
<SP HEIGHT="21" WIDTH="18" VPOS="2465" HPOS="1465"/>
<String CONTENT="Pub." HEIGHT="22" WIDTH="61" VPOS="2464" HPOS="1484"/>
<SP HEIGHT="20" WIDTH="22" VPOS="2466" HPOS="1546"/>
<String CONTENT="Co.," HEIGHT="24" WIDTH="62" VPOS="2466" HPOS="1569"/>
</TextLine>
<TextLine HEIGHT="27" WIDTH="473" VPOS="2494" HPOS="1021" CS="1">
<String CONTENT="a" HEIGHT="15" WIDTH="15" VPOS="2501" HPOS="1021"/>
<SP HEIGHT="21" WIDTH="18" VPOS="2495" HPOS="1037"/>
<String CONTENT="division" HEIGHT="21" WIDTH="136" VPOS="2495" HPOS="1056"/>
<SP HEIGHT="15" WIDTH="16" VPOS="2500" HPOS="1193"/>
<String CONTENT="of" HEIGHT="19" WIDTH="31" VPOS="2496" HPOS="1210"/>
<SP HEIGHT="19" WIDTH="18" VPOS="2496" HPOS="1242"/>
<String CONTENT="Follett" HEIGHT="21" WIDTH="117" VPOS="2494" HPOS="1261"/>
<SP HEIGHT="20" WIDTH="18" VPOS="2494" HPOS="1379"/>
<String CONTENT="Corp.;" HEIGHT="25" WIDTH="96" VPOS="2494" HPOS="1398"/>
</TextLine>
<TextLine HEIGHT="29" WIDTH="269" VPOS="2520" HPOS="1020" CS="1">
<String CS="1" CONTENT="3Oct72;" HEIGHT="24" WIDTH="116" VPOS="2524" HPOS="1020"/>
<SP HEIGHT="23" WIDTH="21" VPOS="2524" HPOS="1136"/>
<!-- cceid 4C299DE6-6E5A-1014-8662-AF35A7EA7700 --><String CONTENT="A373408." HEIGHT="28" WIDTH="132" VPOS="2520" HPOS="1157"/>
</TextLine>
<TextLine HEIGHT="60" WIDTH="610" VPOS="2559" HPOS="982" CS="1">
<String CONTENT="READ:" HEIGHT="21" WIDTH="79" VPOS="2565" HPOS="982"/>
<SP HEIGHT="16" WIDTH="23" VPOS="2569" HPOS="1062"/>
<String CONTENT="reading" HEIGHT="24" WIDTH="117" VPOS="2563" HPOS="1086"/>
<SP HEIGHT="19" WIDTH="18" VPOS="2568" HPOS="1204"/>
<String CONTENT="evaluation" HEIGHT="23" WIDTH="169" VPOS="2560" HPOS="1223"/>
<SP HEIGHT="16" WIDTH="16" VPOS="2564" HPOS="1393"/>
<String CONTENT="adult" HEIGHT="20" WIDTH="83" VPOS="2559" HPOS="1410"/>
<SP HEIGHT="18" WIDTH="18" VPOS="2560" HPOS="1494"/>
<String CONTENT="diagnosis," HEIGHT="60" WIDTH="562" VPOS="2559" HPOS="1017"/>
<SP HEIGHT="26" WIDTH="21" VPOS="2592" HPOS="1115"/>
<String CONTENT="by" HEIGHT="26" WIDTH="36" VPOS="2592" HPOS="1137"/>
<SP HEIGHT="27" WIDTH="13" VPOS="2591" HPOS="1174"/>
<String CONTENT="Ruth" HEIGHT="21" WIDTH="67" VPOS="2590" HPOS="1188"/>
<SP HEIGHT="21" WIDTH="17" VPOS="2590" HPOS="1256"/>
<String CONTENT="J." HEIGHT="20" WIDTH="28" VPOS="2591" HPOS="1274"/>
<SP HEIGHT="20" WIDTH="21" VPOS="2591" HPOS="1303"/>
<String CONTENT="Colvin" HEIGHT="22" WIDTH="100" VPOS="2588" HPOS="1325"/>
<SP HEIGHT="20" WIDTH="16" VPOS="2588" HPOS="1426"/>
<String CONTENT="&amp;" HEIGHT="19" WIDTH="15" VPOS="2588" HPOS="1443"/>
<SP HEIGHT="20" WIDTH="18" VPOS="2588" HPOS="1459"/>
<String CONTENT="Jane" HEIGHT="20" WIDTH="65" VPOS="2588" HPOS="1478"/>
<SP HEIGHT="20" WIDTH="19" VPOS="2587" HPOS="1544"/>
<String CONTENT="H." HEIGHT="20" WIDTH="28" VPOS="2587" HPOS="1564"/>
</TextLine>
<TextLine HEIGHT="29" WIDTH="540" VPOS="2616" HPOS="1018" CS="1">
<String CONTENT="Root." HEIGHT="22" WIDTH="80" VPOS="2621" HPOS="1018"/>
<SP HEIGHT="20" WIDTH="37" VPOS="2621" HPOS="1099"/>
<String CONTENT="Chicago," HEIGHT="24" WIDTH="130" VPOS="2620" HPOS="1137"/>
<SP HEIGHT="25" WIDTH="22" VPOS="2619" HPOS="1268"/>
<String CONTENT="Follett" HEIGHT="22" WIDTH="117" VPOS="2616" HPOS="1291"/>
<SP HEIGHT="20" WIDTH="18" VPOS="2616" HPOS="1409"/>
<String CONTENT="Pub." HEIGHT="21" WIDTH="62" VPOS="2616" HPOS="1428"/>
<SP HEIGHT="21" WIDTH="21" VPOS="2616" HPOS="1491"/>
<String CONTENT="Co." HEIGHT="20" WIDTH="45" VPOS="2616" HPOS="1513"/>
</TextLine>
<TextLine HEIGHT="31" WIDTH="596" VPOS="2643" HPOS="1051" CS="1">
<String CS="1" CONTENT="63"/>
<SP HEIGHT="20" WIDTH="16" VPOS="2654" HPOS="1051"/>
<String CONTENT="p." HEIGHT="20" WIDTH="30" VPOS="2654" HPOS="1068"/>
<SP HEIGHT="22" WIDTH="33" VPOS="2648" HPOS="1099"/>
<String CONTENT="&#169;" HEIGHT="19" WIDTH="21" VPOS="2648" HPOS="1133"/>
<SP HEIGHT="19" WIDTH="15" VPOS="2648" HPOS="1155"/>
<String CONTENT="Follett" HEIGHT="20" WIDTH="118" VPOS="2648" HPOS="1171"/>
<SP HEIGHT="20" WIDTH="18" VPOS="2647" HPOS="1290"/>
<String CONTENT="Pub." HEIGHT="21" WIDTH="62" VPOS="2646" HPOS="1309"/>
<SP HEIGHT="21" WIDTH="21" VPOS="2645" HPOS="1372"/>
<String CONTENT="Co.," HEIGHT="24" WIDTH="62" VPOS="2645" HPOS="1394"/>
<SP HEIGHT="19" WIDTH="22" VPOS="2650" HPOS="1457"/>
<String CONTENT="a" HEIGHT="13" WIDTH="14" VPOS="2650" HPOS="1480"/>
<SP HEIGHT="18" WIDTH="18" VPOS="2645" HPOS="1495"/>
<String CONTENT="division" HEIGHT="21" WIDTH="133" VPOS="2643" HPOS="1514"/>
</TextLine>
<TextLine HEIGHT="33" WIDTH="574" VPOS="2669" HPOS="1020">
<String CONTENT="of" HEIGHT="22" WIDTH="30" VPOS="2678" HPOS="1020"/>
<SP HEIGHT="21" WIDTH="17" VPOS="2678" HPOS="1051"/>
<String CONTENT="Follett" HEIGHT="22" WIDTH="118" VPOS="2677" HPOS="1069"/>
<SP HEIGHT="20" WIDTH="17" VPOS="2677" HPOS="1188"/>
<String CONTENT="Corp.;" HEIGHT="24" WIDTH="97" VPOS="2677" HPOS="1206"/>
<SP HEIGHT="24" WIDTH="22" VPOS="2676" HPOS="1304"/>
<String CONTENT="5Sep72;" HEIGHT="26" WIDTH="113" VPOS="2674" HPOS="1327"/>
<SP HEIGHT="25" WIDTH="19" VPOS="2674" HPOS="1441"/>
<!-- cceid 4C2BA7A4-6E5A-1014-8662-AF35A7EA7700 --><String CONTENT="A570161." HEIGHT="29" WIDTH="133" VPOS="2669" HPOS="1461"/>
</TextLine>
<TextLine HEIGHT="28" WIDTH="644" VPOS="2713" HPOS="989">
<String CONTENT="TUTOR:" HEIGHT="21" WIDTH="96" VPOS="2717" HPOS="989"/>
<SP HEIGHT="21" WIDTH="20" VPOS="2715" HPOS="1086"/>
<String CONTENT="techniques" HEIGHT="25" WIDTH="166" VPOS="2715" HPOS="1107"/>
<SP HEIGHT="15" WIDTH="18" VPOS="2719" HPOS="1274"/>
<String CONTENT="used" HEIGHT="20" WIDTH="67" VPOS="2714" HPOS="1293"/>
<SP HEIGHT="20" WIDTH="18" VPOS="2713" HPOS="1361"/>
<String CONTENT="in" HEIGHT="20" WIDTH="32" VPOS="2713" HPOS="1380"/>
<SP HEIGHT="19" WIDTH="18" VPOS="2713" HPOS="1413"/>
<String CONTENT="the" HEIGHT="20" WIDTH="48" VPOS="2713" HPOS="1432"/>
<SP HEIGHT="20" WIDTH="19" VPOS="2713" HPOS="1481"/>
<String CONTENT="teaching" HEIGHT="24" WIDTH="132" VPOS="2713" HPOS="1501"/>
</TextLine>
<TextLine HEIGHT="27" WIDTH="442" VPOS="2741" HPOS="1021">
<String CONTENT="of" HEIGHT="21" WIDTH="31" VPOS="2744" HPOS="1021"/>
<SP HEIGHT="19" WIDTH="18" VPOS="2744" HPOS="1053"/>
<String CONTENT="reading;" HEIGHT="24" WIDTH="131" VPOS="2743" HPOS="1072"/>
<SP HEIGHT="19" WIDTH="21" VPOS="2748" HPOS="1204"/>
<String CONTENT="a" HEIGHT="14" WIDTH="14" VPOS="2748" HPOS="1226"/>
<SP HEIGHT="19" WIDTH="19" VPOS="2743" HPOS="1241"/>
<String CONTENT="handbook" HEIGHT="20" WIDTH="134" VPOS="2742" HPOS="1261"/>
<SP HEIGHT="20" WIDTH="17" VPOS="2741" HPOS="1396"/>
<String CONTENT="for" HEIGHT="20" WIDTH="49" VPOS="2741" HPOS="1414"/>
</TextLine>
<TextLine HEIGHT="27" WIDTH="610" VPOS="2770" HPOS="1022">
<String CONTENT="teaching" HEIGHT="25" WIDTH="134" VPOS="2772" HPOS="1022"/>
<SP HEIGHT="24" WIDTH="16" VPOS="2772" HPOS="1157"/>
<String CONTENT="basic" HEIGHT="21" WIDTH="81" VPOS="2771" HPOS="1174"/>
<SP HEIGHT="15" WIDTH="21" VPOS="2777" HPOS="1256"/>
<String CONTENT="reading" HEIGHT="25" WIDTH="116" VPOS="2771" HPOS="1278"/>
<SP HEIGHT="25" WIDTH="19" VPOS="2770" HPOS="1395"/>
<String CONTENT="to" HEIGHT="19" WIDTH="31" VPOS="2770" HPOS="1415"/>
<SP HEIGHT="16" WIDTH="17" VPOS="2774" HPOS="1447"/>
<String CONTENT="adults" HEIGHT="20" WIDTH="99" VPOS="2770" HPOS="1465"/>
<SP HEIGHT="15" WIDTH="18" VPOS="2774" HPOS="1565"/>
<String CONTENT="and" HEIGHT="19" WIDTH="48" VPOS="2770" HPOS="1584"/>
</TextLine>
<TextLine HEIGHT="29" WIDTH="529" VPOS="2798" HPOS="1021" CS="1">
<String CONTENT="teenagers." HEIGHT="25" WIDTH="164" VPOS="2801" HPOS="1021"/>
<SP HEIGHT="19" WIDTH="39" VPOS="2802" HPOS="1186"/>
<String CONTENT="By" HEIGHT="24" WIDTH="32" VPOS="2802" HPOS="1226"/>
<SP HEIGHT="24" WIDTH="17" VPOS="2802" HPOS="1259"/>
<String CONTENT="Ruth" HEIGHT="22" WIDTH="68" VPOS="2799" HPOS="1277"/>
<SP HEIGHT="21" WIDTH="15" VPOS="2799" HPOS="1346"/>
<String CONTENT="J." HEIGHT="19" WIDTH="29" VPOS="2801" HPOS="1362"/>
<SP HEIGHT="20" WIDTH="21" VPOS="2800" HPOS="1392"/>
<String CONTENT="Colvin" HEIGHT="21" WIDTH="101" VPOS="2798" HPOS="1414"/>
<SP HEIGHT="18" WIDTH="17" VPOS="2800" HPOS="1516"/>
<String CONTENT="&amp;" HEIGHT="18" WIDTH="16" VPOS="2800" HPOS="1534"/>
</TextLine>
<TextLine HEIGHT="27" WIDTH="608" VPOS="2827" HPOS="1021">
<String CONTENT="Jane" HEIGHT="20" WIDTH="67" VPOS="2831" HPOS="1021"/>
<SP HEIGHT="19" WIDTH="18" VPOS="2830" HPOS="1088"/>
<String CONTENT="H." HEIGHT="20" WIDTH="30" VPOS="2830" HPOS="1106"/>
<SP HEIGHT="20" WIDTH="22" VPOS="2830" HPOS="1136"/>
<String CONTENT="Root." HEIGHT="20" WIDTH="79" VPOS="2830" HPOS="1158"/>
<SP HEIGHT="20" WIDTH="41" VPOS="2830" HPOS="1237"/>
<String CONTENT="Chicago," HEIGHT="25" WIDTH="131" VPOS="2828" HPOS="1278"/>
<SP HEIGHT="24" WIDTH="22" VPOS="2828" HPOS="1409"/>
<String CONTENT="Follett" HEIGHT="20" WIDTH="118" VPOS="2827" HPOS="1431"/>
<SP HEIGHT="20" WIDTH="19" VPOS="2827" HPOS="1549"/>
<String CONTENT="Pub." HEIGHT="20" WIDTH="61" VPOS="2827" HPOS="1568"/>
</TextLine>
<TextLine HEIGHT="30" WIDTH="523" VPOS="2854" HPOS="1023">
<String CONTENT="Co." HEIGHT="21" WIDTH="43" VPOS="2859" HPOS="1023"/>
<SP HEIGHT="24" WIDTH="41" VPOS="2858" HPOS="1067"/>
<String CONTENT="96" HEIGHT="27" WIDTH="31" VPOS="2855" HPOS="1109"/>
<SP HEIGHT="28" WIDTH="18" VPOS="2855" HPOS="1141"/>
<String CONTENT="p." HEIGHT="19" WIDTH="26" VPOS="2864" HPOS="1160"/>
<SP HEIGHT="19" WIDTH="38" VPOS="2858" HPOS="1187"/>
<String CONTENT="&#169;" HEIGHT="18" WIDTH="19" VPOS="2858" HPOS="1226"/>
<SP HEIGHT="20" WIDTH="14" VPOS="2858" HPOS="1246"/>
<String CONTENT="Follett" HEIGHT="22" WIDTH="117" VPOS="2856" HPOS="1261"/>
<SP HEIGHT="20" WIDTH="18" VPOS="2856" HPOS="1379"/>
<String CONTENT="Pub," HEIGHT="20" WIDTH="61" VPOS="2856" HPOS="1398"/>
<SP HEIGHT="19" WIDTH="23" VPOS="2857" HPOS="1460"/>
<String CONTENT="Co.," HEIGHT="23" WIDTH="62" VPOS="2857" HPOS="1484"/>
</TextLine>
<TextLine HEIGHT="27" WIDTH="472" VPOS="2884" HPOS="1023" CS="1">
<String CONTENT="a" HEIGHT="14" WIDTH="14" VPOS="2893" HPOS="1023"/>
<SP HEIGHT="20" WIDTH="18" VPOS="2887" HPOS="1038"/>
<String CONTENT="division" HEIGHT="20" WIDTH="135" VPOS="2886" HPOS="1057"/>
<SP HEIGHT="14" WIDTH="18" VPOS="2891" HPOS="1193"/>
<String CONTENT="of" HEIGHT="19" WIDTH="30" VPOS="2887" HPOS="1212"/>
<SP HEIGHT="19" WIDTH="18" VPOS="2887" HPOS="1243"/>
<String CONTENT="Follett" HEIGHT="22" WIDTH="117" VPOS="2884" HPOS="1262"/>
<SP HEIGHT="19" WIDTH="18" VPOS="2885" HPOS="1380"/>
<String CONTENT="Corp.;" HEIGHT="24" WIDTH="96" VPOS="2885" HPOS="1399"/>
</TextLine>
<TextLine HEIGHT="29" WIDTH="268" VPOS="2911" HPOS="1021" CS="1">
<String CONTENT="5Sep72;" HEIGHT="25" WIDTH="116" VPOS="2915" HPOS="1021"/>
<SP HEIGHT="24" WIDTH="19" VPOS="2914" HPOS="1138"/>
<!-- cceid 4C2DA9C8-6E5A-1014-8662-AF35A7EA7700 --><String CS="1" CONTENT="A366210." HEIGHT="27" WIDTH="131" VPOS="2911" HPOS="1158"/>
</TextLine>
</TextBlock>
</ComposedBlock>
<ComposedBlock ID="Page2600_Block8" HEIGHT="2826" WIDTH="708" VPOS="226" HPOS="1675" TYPE="container">
<Shape>
<Polygon POINTS="2233,226 2383,226 2383,3050 2235,3050 2235,3051 1937,3051 1937,3052 1684,3052 1684,2845 1683,2845 1683,2547 1682,2547 1682,2249 1681,2249 1681,1951 1680,1951 1680,1653 1679,1653 1679,1355 1678,1355 1678,1057 1677,1057 1677,759 1676,759 1676,462 1675,462 1675,228 1935,228 1935,227 2233,227 2233,226"/>
</Shape>
<TextBlock ID="Page2600_Block9" HEIGHT="243" WIDTH="682" VPOS="226" HPOS="1689" LANG="en-US" CS="1" STYLEREFS="StyleId-112D917B-7F9E-4461-A99A-E112EE12EAEE-">
<Shape>
<Polygon POINTS="2233,226 2370,226 2370,459 2371,459 2371,467 2235,467 2235,468 1937,468 1937,469 1690,469 1690,462 1689,462 1689,228 1935,228 1935,227 2233,227 2233,226"/>
</Shape>
<TextLine HEIGHT="23" WIDTH="179" VPOS="234" HPOS="1695">
<String CONTENT="COLWELL" HEIGHT="22" WIDTH="117" VPOS="234" HPOS="1695"/>
<SP HEIGHT="21" WIDTH="17" VPOS="235" HPOS="1813"/>
<String CONTENT="CO." HEIGHT="22" WIDTH="43" VPOS="235" HPOS="1831"/>
</TextLine>
<TextLine HEIGHT="24" WIDTH="525" VPOS="262" HPOS="1727">
<String CONTENT="Business" HEIGHT="22" WIDTH="132" VPOS="264" HPOS="1727"/>
<SP HEIGHT="15" WIDTH="20" VPOS="271" HPOS="1860"/>
<String CONTENT="administration" HEIGHT="21" WIDTH="236" VPOS="265" HPOS="1881"/>
<SP HEIGHT="20" WIDTH="18" VPOS="265" HPOS="2118"/>
<String CONTENT="for" HEIGHT="20" WIDTH="47" VPOS="265" HPOS="2137"/>
<SP HEIGHT="20" WIDTH="19" VPOS="265" HPOS="2185"/>
<String CONTENT="the" HEIGHT="21" WIDTH="47" VPOS="264" HPOS="2205"/>
</TextLine>
<TextLine HEIGHT="29" WIDTH="521" VPOS="293" HPOS="1761">
<String CONTENT="dental" HEIGHT="20" WIDTH="100" VPOS="295" HPOS="1761"/>
<SP HEIGHT="19" WIDTH="18" VPOS="296" HPOS="1862"/>
<String CONTENT="assistant." HEIGHT="21" WIDTH="164" VPOS="294" HPOS="1881"/>
<SP HEIGHT="20" WIDTH="38" VPOS="294" HPOS="2046"/>
<String CONTENT="See" HEIGHT="20" WIDTH="48" VPOS="294" HPOS="2085"/>
<SP HEIGHT="19" WIDTH="18" VPOS="295" HPOS="2134"/>
<String CONTENT="EHRLICH," HEIGHT="27" WIDTH="129" VPOS="294" HPOS="2153"/>
</TextLine>
<TextLine HEIGHT="21" WIDTH="64" VPOS="325" HPOS="1760">
<String CONTENT="ANN." HEIGHT="21" WIDTH="64" VPOS="325" HPOS="1760"/>
</TextLine>
<TextLine HEIGHT="22" WIDTH="267" VPOS="378" HPOS="1695">
<String CONTENT="COM-U-TROL" HEIGHT="21" WIDTH="171" VPOS="379" HPOS="1695"/>
<SP HEIGHT="20" WIDTH="15" VPOS="380" HPOS="1867"/>
<String CONTENT="CORP." HEIGHT="21" WIDTH="79" VPOS="379" HPOS="1883"/>
</TextLine>
<TextLine HEIGHT="28" WIDTH="614" VPOS="405" HPOS="1731">
<String CONTENT="Talk" HEIGHT="21" WIDTH="67" VPOS="407" HPOS="1731"/>
<SP HEIGHT="20" WIDTH="17" VPOS="408" HPOS="1799"/>
<String CONTENT="is" HEIGHT="20" WIDTH="29" VPOS="408" HPOS="1817"/>
<SP HEIGHT="15" WIDTH="19" VPOS="413" HPOS="1847"/>
<String CONTENT="cheap." HEIGHT="26" WIDTH="95" VPOS="407" HPOS="1867"/>
<SP HEIGHT="19" WIDTH="40" VPOS="408" HPOS="1963"/>
<String CONTENT="Folder." HEIGHT="21" WIDTH="112" VPOS="407" HPOS="2004"/>
<SP HEIGHT="20" WIDTH="38" VPOS="408" HPOS="2117"/>
<String CONTENT="&#169;" HEIGHT="20" WIDTH="19" VPOS="408" HPOS="2156"/>
<SP HEIGHT="21" WIDTH="14" VPOS="408" HPOS="2176"/>
<String CONTENT="Cotn-U-Trol" HEIGHT="24" WIDTH="154" VPOS="408" HPOS="2191"/>
</TextLine>
<TextLine HEIGHT="28" WIDTH="405" VPOS="434" HPOS="1764" CS="1">
<String CONTENT="Corp.;" HEIGHT="25" WIDTH="98" VPOS="437" HPOS="1764"/>
<SP HEIGHT="24" WIDTH="24" VPOS="437" HPOS="1862"/>
<String CS="1" CONTENT="11Sep72;" HEIGHT="26" WIDTH="98" VPOS="436" HPOS="1918"/>
<SP HEIGHT="24" WIDTH="20" VPOS="436" HPOS="2016"/>
<!-- cceid 4C31A4D0-6E5A-1014-8662-AF35A7EA7700 --><String CS="1" CONTENT="A371623." HEIGHT="27" WIDTH="133" VPOS="434" HPOS="2036"/>
</TextLine>
</TextBlock>
<TextBlock ID="Page2600_Block10" HEIGHT="2545" WIDTH="707" VPOS="507" HPOS="1676" LANG="en-US" CS="1" STYLEREFS="StyleId-112D917B-7F9E-4461-A99A-E112EE12EAEE-">
<Shape>
<Polygon POINTS="2233,507 2383,507 2383,3050 2235,3050 2235,3051 1937,3051 1937,3052 1684,3052 1684,2845 1683,2845 1683,2547 1682,2547 1682,2249 1681,2249 1681,1951 1680,1951 1680,1653 1679,1653 1679,1355 1678,1355 1678,1057 1677,1057 1677,759 1676,759 1676,509 1935,509 1935,508 2233,508 2233,507"/>
</Shape>
<TextLine HEIGHT="28" WIDTH="301" VPOS="513" HPOS="1687">
<String CONTENT="COMANDA," HEIGHT="27" WIDTH="130" VPOS="514" HPOS="1687"/>
<SP HEIGHT="25" WIDTH="23" VPOS="516" HPOS="1818"/>
<String CONTENT="DOMINICK." HEIGHT="21" WIDTH="146" VPOS="515" HPOS="1842"/>
</TextLine>
<TextLine HEIGHT="28" WIDTH="620" VPOS="546" HPOS="1716">
<String CONTENT="Celebrated" HEIGHT="20" WIDTH="166" VPOS="548" HPOS="1716"/>
<SP HEIGHT="19" WIDTH="21" VPOS="549" HPOS="1883"/>
<String CONTENT="songs" HEIGHT="21" WIDTH="80" VPOS="552" HPOS="1905"/>
<SP HEIGHT="20" WIDTH="19" VPOS="547" HPOS="1986"/>
<String CONTENT="for" HEIGHT="20" WIDTH="50" VPOS="547" HPOS="2006"/>
<SP HEIGHT="18" WIDTH="18" VPOS="549" HPOS="2057"/>
<String CONTENT="the" HEIGHT="19" WIDTH="46" VPOS="549" HPOS="2076"/>
<SP HEIGHT="19" WIDTH="18" VPOS="554" HPOS="2123"/>
<String CONTENT="guitar." HEIGHT="25" WIDTH="113" VPOS="548" HPOS="2142"/>
<SP HEIGHT="19" WIDTH="33" VPOS="551" HPOS="2256"/>
<String CONTENT="All" HEIGHT="21" WIDTH="46" VPOS="550" HPOS="2290"/>
</TextLine>
<TextLine HEIGHT="25" WIDTH="472" VPOS="577" HPOS="1748" CS="1">
<String CONTENT="arrangements" HEIGHT="25" WIDTH="202" VPOS="577" HPOS="1748"/>
<SP HEIGHT="19" WIDTH="20" VPOS="577" HPOS="1951"/>
<String CONTENT="by" HEIGHT="24" WIDTH="30" VPOS="577" HPOS="1972"/>
<SP HEIGHT="23" WIDTH="17" VPOS="578" HPOS="2003"/>
<String CONTENT="Don" HEIGHT="19" WIDTH="49" VPOS="578" HPOS="2021"/>
<SP HEIGHT="20" WIDTH="19" VPOS="579" HPOS="2071"/>
<String CONTENT="Comanda." HEIGHT="21" WIDTH="129" VPOS="578" HPOS="2091"/>
</TextLine>
<TextLine HEIGHT="56" WIDTH="588" VPOS="604" HPOS="1747" CS="1">
<String CONTENT="Karamar" HEIGHT="20" WIDTH="119" VPOS="606" HPOS="1747"/>
<SP HEIGHT="19" WIDTH="18" VPOS="608" HPOS="1867"/>
<String CONTENT="Pub." HEIGHT="21" WIDTH="63" VPOS="606" HPOS="1886"/>
<SP HEIGHT="19" WIDTH="20" VPOS="607" HPOS="1950"/>
<String CONTENT="Co." HEIGHT="19" WIDTH="45" VPOS="607" HPOS="1971"/>
<SP HEIGHT="19" WIDTH="41" VPOS="606" HPOS="2017"/>
<String CS="1" CONTENT="111"/>
<SP HEIGHT="25" WIDTH="20" VPOS="606" HPOS="2106"/>
<String CONTENT="p." HEIGHT="19" WIDTH="25" VPOS="612" HPOS="2127"/>
<SP HEIGHT="20" WIDTH="38" VPOS="608" HPOS="2153"/>
<String CONTENT="NM:" HEIGHT="21" WIDTH="45" VPOS="607" HPOS="2192"/>
<SP HEIGHT="16" WIDTH="21" VPOS="611" HPOS="2238"/>
<String CONTENT="compilation" HEIGHT="47" WIDTH="555" VPOS="611" HPOS="1750"/>
<SP HEIGHT="19" WIDTH="18" VPOS="637" HPOS="1884"/>
<String CONTENT="&amp;" HEIGHT="19" WIDTH="16" VPOS="637" HPOS="1903"/>
<SP HEIGHT="20" WIDTH="15" VPOS="636" HPOS="1920"/>
<String CONTENT="arrangements." HEIGHT="23" WIDTH="216" VPOS="636" HPOS="1936"/>
<SP HEIGHT="20" WIDTH="37" VPOS="636" HPOS="2153"/>
<String CONTENT="&#169;" HEIGHT="20" WIDTH="20" VPOS="636" HPOS="2191"/>
<SP HEIGHT="21" WIDTH="12" VPOS="636" HPOS="2212"/>
<String CONTENT="Karamar" HEIGHT="21" WIDTH="110" VPOS="636" HPOS="2225"/>
</TextLine>
<TextLine HEIGHT="32" WIDTH="551" VPOS="659" HPOS="1750">
<String CONTENT="Pub." HEIGHT="20" WIDTH="60" VPOS="664" HPOS="1750"/>
<SP HEIGHT="20" WIDTH="22" VPOS="665" HPOS="1811"/>
<String CONTENT="Co.," HEIGHT="23" WIDTH="61" VPOS="665" HPOS="1834"/>
<SP HEIGHT="23" WIDTH="24" VPOS="665" HPOS="1896"/>
<String CONTENT="Ltd.;" HEIGHT="25" WIDTH="76" VPOS="663" HPOS="1921"/>
<SP HEIGHT="24" WIDTH="23" VPOS="663" HPOS="1998"/>
<String CONTENT="24Aug72;" HEIGHT="29" WIDTH="129" VPOS="660" HPOS="2022"/>
<SP HEIGHT="23" WIDTH="22" VPOS="665" HPOS="2152"/>
<!-- cceid 4C33A9DE-6E5A-1014-8662-AF35A7EA7700 --><String CONTENT="A363903." HEIGHT="30" WIDTH="126" VPOS="660" HPOS="2175"/>
</TextLine>
<TextLine HEIGHT="31" WIDTH="616" VPOS="693" HPOS="1722">
<String CONTENT="Celebrated" HEIGHT="21" WIDTH="167" VPOS="695" HPOS="1722"/>
<SP HEIGHT="19" WIDTH="21" VPOS="696" HPOS="1890"/>
<String CONTENT="songs" HEIGHT="21" WIDTH="80" VPOS="699" HPOS="1912"/>
<SP HEIGHT="15" WIDTH="20" VPOS="699" HPOS="1993"/>
<String CONTENT="of" HEIGHT="21" WIDTH="31" VPOS="694" HPOS="2014"/>
<SP HEIGHT="21" WIDTH="18" VPOS="694" HPOS="2046"/>
<String CONTENT="the" HEIGHT="21" WIDTH="46" VPOS="694" HPOS="2065"/>
<SP HEIGHT="20" WIDTH="18" VPOS="696" HPOS="2112"/>
<String CONTENT="Gay" HEIGHT="24" WIDTH="51" VPOS="696" HPOS="2131"/>
<SP HEIGHT="24" WIDTH="14" VPOS="696" HPOS="2183"/>
<String CONTENT="Nineties;" HEIGHT="28" WIDTH="140" VPOS="695" HPOS="2198"/>
</TextLine>
<TextLine HEIGHT="28" WIDTH="554" VPOS="722" HPOS="1757">
<String CONTENT="for" HEIGHT="20" WIDTH="48" VPOS="724" HPOS="1757"/>
<SP HEIGHT="15" WIDTH="18" VPOS="729" HPOS="1806"/>
<String CONTENT="all" HEIGHT="19" WIDTH="48" VPOS="725" HPOS="1825"/>
<SP HEIGHT="19" WIDTH="18" VPOS="725" HPOS="1874"/>
<String CONTENT="chord" HEIGHT="21" WIDTH="82" VPOS="723" HPOS="1893"/>
<SP HEIGHT="19" WIDTH="19" VPOS="723" HPOS="1976"/>
<String CONTENT="organs," HEIGHT="21" WIDTH="113" VPOS="728" HPOS="1996"/>
<SP HEIGHT="20" WIDTH="21" VPOS="729" HPOS="2110"/>
<String CONTENT="with" HEIGHT="19" WIDTH="68" VPOS="724" HPOS="2132"/>
<SP HEIGHT="25" WIDTH="15" VPOS="724" HPOS="2201"/>
<String CONTENT="guitar" HEIGHT="26" WIDTH="94" VPOS="723" HPOS="2217"/>
</TextLine>
<TextLine HEIGHT="27" WIDTH="444" VPOS="752" HPOS="1756">
<String CONTENT="accompaniment" HEIGHT="27" WIDTH="221" VPOS="752" HPOS="1756"/>
<SP HEIGHT="20" WIDTH="20" VPOS="752" HPOS="1977"/>
<String CONTENT="line." HEIGHT="21" WIDTH="78" VPOS="752" HPOS="1997"/>
<SP HEIGHT="20" WIDTH="41" VPOS="753" HPOS="2075"/>
<String CONTENT="Organ" HEIGHT="25" WIDTH="84" VPOS="753" HPOS="2116"/>
</TextLine>
<TextLine HEIGHT="29" WIDTH="567" VPOS="779" HPOS="1757">
<String CONTENT="arrangements" HEIGHT="26" WIDTH="202" VPOS="780" HPOS="1757"/>
<SP HEIGHT="20" WIDTH="18" VPOS="780" HPOS="1960"/>
<String CONTENT="by" HEIGHT="25" WIDTH="34" VPOS="780" HPOS="1979"/>
<SP HEIGHT="24" WIDTH="16" VPOS="781" HPOS="2014"/>
<String CONTENT="L." HEIGHT="21" WIDTH="27" VPOS="781" HPOS="2031"/>
<SP HEIGHT="20" WIDTH="22" VPOS="782" HPOS="2059"/>
<String CONTENT="A." HEIGHT="20" WIDTH="27" VPOS="782" HPOS="2082"/>
<SP HEIGHT="20" WIDTH="22" VPOS="782" HPOS="2110"/>
<String CONTENT="Christopher," HEIGHT="27" WIDTH="191" VPOS="780" HPOS="2133"/>
</TextLine>
<TextLine HEIGHT="27" WIDTH="582" VPOS="808" HPOS="1760">
<String CONTENT="pseud," HEIGHT="24" WIDTH="93" VPOS="811" HPOS="1760"/>
<SP HEIGHT="16" WIDTH="23" VPOS="815" HPOS="1854"/>
<String CONTENT="of" HEIGHT="20" WIDTH="31" VPOS="810" HPOS="1878"/>
<SP HEIGHT="20" WIDTH="18" VPOS="810" HPOS="1910"/>
<String CONTENT="Dominick" HEIGHT="21" WIDTH="135" VPOS="809" HPOS="1929"/>
<SP HEIGHT="21" WIDTH="16" VPOS="809" HPOS="2065"/>
<String CONTENT="Comanda." HEIGHT="20" WIDTH="130" VPOS="810" HPOS="2082"/>
<SP HEIGHT="21" WIDTH="37" VPOS="810" HPOS="2213"/>
<String CONTENT="Guitar" HEIGHT="21" WIDTH="91" VPOS="809" HPOS="2251"/>
</TextLine>
<TextLine HEIGHT="25" WIDTH="470" VPOS="838" HPOS="1758" CS="1">
<String CONTENT="arrangements" HEIGHT="25" WIDTH="202" VPOS="838" HPOS="1758"/>
<SP HEIGHT="19" WIDTH="17" VPOS="838" HPOS="1961"/>
<String CONTENT="by" HEIGHT="24" WIDTH="33" VPOS="838" HPOS="1979"/>
<SP HEIGHT="23" WIDTH="17" VPOS="839" HPOS="2013"/>
<String CONTENT="Don" HEIGHT="19" WIDTH="51" VPOS="839" HPOS="2031"/>
<SP HEIGHT="20" WIDTH="16" VPOS="839" HPOS="2083"/>
<String CONTENT="Comanda." HEIGHT="20" WIDTH="128" VPOS="839" HPOS="2100"/>
</TextLine>
<TextLine HEIGHT="26" WIDTH="471" VPOS="866" HPOS="1757">
<String CONTENT="Karamar" HEIGHT="18" WIDTH="117" VPOS="869" HPOS="1757"/>
<SP HEIGHT="20" WIDTH="20" VPOS="868" HPOS="1875"/>
<String CONTENT="Pub." HEIGHT="22" WIDTH="59" VPOS="866" HPOS="1896"/>
<SP HEIGHT="19" WIDTH="23" VPOS="867" HPOS="1956"/>
<String CONTENT="Co." HEIGHT="19" WIDTH="44" VPOS="867" HPOS="1980"/>
<SP HEIGHT="24" WIDTH="40" VPOS="866" HPOS="2025"/>
<String CONTENT="92" HEIGHT="24" WIDTH="32" VPOS="866" HPOS="2066"/>
<SP HEIGHT="23" WIDTH="17" VPOS="868" HPOS="2099"/>
<String CONTENT="p." HEIGHT="19" WIDTH="26" VPOS="872" HPOS="2117"/>
<SP HEIGHT="19" WIDTH="39" VPOS="868" HPOS="2144"/>
<String CONTENT="NM:" HEIGHT="19" WIDTH="44" VPOS="868" HPOS="2184"/>
</TextLine>
<TextLine HEIGHT="27" WIDTH="595" VPOS="894" HPOS="1759">
<String CONTENT="musical" HEIGHT="19" WIDTH="116" VPOS="896" HPOS="1759"/>
<SP HEIGHT="19" WIDTH="18" VPOS="896" HPOS="1876"/>
<String CONTENT="arrangements" HEIGHT="24" WIDTH="201" VPOS="895" HPOS="1895"/>
<SP HEIGHT="18" WIDTH="19" VPOS="896" HPOS="2097"/>
<String CONTENT="&amp;" HEIGHT="18" WIDTH="15" VPOS="896" HPOS="2117"/>
<SP HEIGHT="18" WIDTH="17" VPOS="896" HPOS="2133"/>
<String CONTENT="compilation." HEIGHT="25" WIDTH="188" VPOS="895" HPOS="2151"/>
<SP HEIGHT="12" WIDTH="9" VPOS="904" HPOS="2340"/>
<String CONTENT="1" HEIGHT="10" WIDTH="4" VPOS="904" HPOS="2350"/>
</TextLine>
<TextLine HEIGHT="31" WIDTH="570" VPOS="919" HPOS="1755">
<String CONTENT="&#169;" HEIGHT="20" WIDTH="19" VPOS="923" HPOS="1755"/>
<SP HEIGHT="21" WIDTH="16" VPOS="923" HPOS="1775"/>
<String CONTENT="Karamar" HEIGHT="19" WIDTH="117" VPOS="925" HPOS="1792"/>
<SP HEIGHT="19" WIDTH="18" VPOS="925" HPOS="1910"/>
<String CONTENT="Pub." HEIGHT="21" WIDTH="59" VPOS="923" HPOS="1929"/>
<SP HEIGHT="20" WIDTH="24" VPOS="923" HPOS="1989"/>
<String CONTENT="Co.," HEIGHT="26" WIDTH="63" VPOS="923" HPOS="2014"/>
<SP HEIGHT="26" WIDTH="21" VPOS="923" HPOS="2078"/>
<String CONTENT="Ltd.;" HEIGHT="24" WIDTH="79" VPOS="923" HPOS="2100"/>
<SP HEIGHT="23" WIDTH="22" VPOS="924" HPOS="2180"/>
<String CONTENT="28Feb72;" HEIGHT="30" WIDTH="122" VPOS="919" HPOS="2203"/>
</TextLine>
<TextLine HEIGHT="28" WIDTH="132" VPOS="949" HPOS="1756">
<!-- cceid 4C35A45E-6E5A-1014-8662-AF35A7EA7700 --><String CONTENT="A364591." HEIGHT="28" WIDTH="132" VPOS="949" HPOS="1756"/>
</TextLine>
<TextLine HEIGHT="26" WIDTH="199" VPOS="998" HPOS="1698">
<String CONTENT="COMAY," HEIGHT="26" WIDTH="96" VPOS="998" HPOS="1698"/>
<SP HEIGHT="25" WIDTH="22" VPOS="999" HPOS="1795"/>
<String CONTENT="JOAN." HEIGHT="20" WIDTH="79" VPOS="999" HPOS="1818"/>
</TextLine>
<TextLine HEIGHT="27" WIDTH="619" VPOS="1025" HPOS="1731">
<String CONTENT="Who's" HEIGHT="19" WIDTH="83" VPOS="1028" HPOS="1731"/>
<SP HEIGHT="14" WIDTH="18" VPOS="1033" HPOS="1815"/>
<String CONTENT="who" HEIGHT="19" WIDTH="51" VPOS="1028" HPOS="1834"/>
<SP HEIGHT="19" WIDTH="18" VPOS="1028" HPOS="1886"/>
<String CONTENT="in" HEIGHT="20" WIDTH="31" VPOS="1027" HPOS="1905"/>
<SP HEIGHT="20" WIDTH="18" VPOS="1026" HPOS="1937"/>
<String CONTENT="the" HEIGHT="20" WIDTH="47" VPOS="1026" HPOS="1956"/>
<SP HEIGHT="20" WIDTH="20" VPOS="1026" HPOS="2004"/>
<String CONTENT="Old" HEIGHT="20" WIDTH="46" VPOS="1026" HPOS="2025"/>
<SP HEIGHT="20" WIDTH="19" VPOS="1026" HPOS="2072"/>
<String CONTENT="Testament" HEIGHT="21" WIDTH="150" VPOS="1025" HPOS="2092"/>
<SP HEIGHT="19" WIDTH="17" VPOS="1025" HPOS="2243"/>
<String CONTENT="togeth" HEIGHT="25" WIDTH="89" VPOS="1025" HPOS="2261"/>
</TextLine>
<TextLine HEIGHT="28" WIDTH="473" VPOS="1053" HPOS="1766">
<String CONTENT="with" HEIGHT="19" WIDTH="68" VPOS="1057" HPOS="1766"/>
<SP HEIGHT="19" WIDTH="18" VPOS="1057" HPOS="1835"/>
<String CONTENT="the" HEIGHT="20" WIDTH="48" VPOS="1056" HPOS="1854"/>
<SP HEIGHT="20" WIDTH="17" VPOS="1056" HPOS="1903"/>
<String CONTENT="Apocrypha." HEIGHT="26" WIDTH="166" VPOS="1055" HPOS="1921"/>
<SP HEIGHT="21" WIDTH="37" VPOS="1055" HPOS="2088"/>
<String CONTENT="London," HEIGHT="27" WIDTH="113" VPOS="1053" HPOS="2126"/>
</TextLine>
<TextLine HEIGHT="32" WIDTH="507" VPOS="1077" HPOS="1766" CS="1">
<String CONTENT="Weidenfeld" HEIGHT="23" WIDTH="170" VPOS="1083" HPOS="1766"/>
<SP HEIGHT="19" WIDTH="16" VPOS="1084" HPOS="1937"/>
<String CONTENT="&amp;" HEIGHT="19" WIDTH="16" VPOS="1084" HPOS="1954"/>
<SP HEIGHT="19" WIDTH="18" VPOS="1084" HPOS="1971"/>
<String CONTENT="Nicolson." HEIGHT="20" WIDTH="148" VPOS="1084" HPOS="1990"/>
<SP HEIGHT="26" WIDTH="37" VPOS="1078" HPOS="2139"/>
<String CONTENT="448" HEIGHT="25" WIDTH="49" VPOS="1078" HPOS="2177"/>
<SP HEIGHT="30" WIDTH="16" VPOS="1078" HPOS="2227"/>
<String CONTENT="p." HEIGHT="20" WIDTH="29" VPOS="1087" HPOS="2244"/>
</TextLine>
<TextLine HEIGHT="33" WIDTH="510" VPOS="1106" HPOS="1765" CS="1">
<String CONTENT="&#169;" HEIGHT="19" WIDTH="20" VPOS="1113" HPOS="1765"/>
<SP HEIGHT="20" WIDTH="16" VPOS="1113" HPOS="1786"/>
<String CONTENT="Joan" HEIGHT="19" WIDTH="65" VPOS="1115" HPOS="1803"/>
<SP HEIGHT="20" WIDTH="18" VPOS="1114" HPOS="1869"/>
<String CONTENT="Comay;" HEIGHT="25" WIDTH="96" VPOS="1113" HPOS="1888"/>
<SP HEIGHT="25" WIDTH="23" VPOS="1112" HPOS="1985"/>
<String CONTENT="10Nov71;" HEIGHT="26" WIDTH="129" VPOS="1112" HPOS="2009"/>
<SP HEIGHT="26" WIDTH="20" VPOS="1112" HPOS="2139"/>
<!-- cceid 4C37A2CB-6E5A-1014-8662-AF35A7EA7700 --><String CS="1" CONTENT="AF34955." HEIGHT="30" WIDTH="115" VPOS="1106" HPOS="2160"/>
</TextLine>
<TextLine HEIGHT="28" WIDTH="353" VPOS="1177" HPOS="1694">
<String CONTENT="COMBALUZIER," HEIGHT="26" WIDTH="199" VPOS="1179" HPOS="1694"/>
<SP HEIGHT="27" WIDTH="21" VPOS="1178" HPOS="1894"/>
<String CONTENT="CHARLES." HEIGHT="22" WIDTH="131" VPOS="1177" HPOS="1916"/>
</TextLine>
<TextLine HEIGHT="27" WIDTH="489" VPOS="1204" HPOS="1729">
<String CONTENT="Dieu" HEIGHT="20" WIDTH="66" VPOS="1208" HPOS="1729"/>
<SP HEIGHT="20" WIDTH="19" VPOS="1207" HPOS="1796"/>
<String CONTENT="deraain," HEIGHT="24" WIDTH="111" VPOS="1207" HPOS="1816"/>
<SP HEIGHT="21" WIDTH="24" VPOS="1210" HPOS="1928"/>
<String CONTENT="ebauche" HEIGHT="20" WIDTH="116" VPOS="1204" HPOS="1953"/>
<SP HEIGHT="20" WIDTH="14" VPOS="1206" HPOS="2070"/>
<String CONTENT="pour" HEIGHT="20" WIDTH="67" VPOS="1206" HPOS="2085"/>
<SP HEIGHT="15" WIDTH="16" VPOS="1206" HPOS="2153"/>
<String CONTENT="une" HEIGHT="15" WIDTH="48" VPOS="1206" HPOS="2170"/>
</TextLine>
<TextLine HEIGHT="28" WIDTH="509" VPOS="1231" HPOS="1764">
<String CONTENT="dialectique" HEIGHT="24" WIDTH="184" VPOS="1235" HPOS="1764"/>
<SP HEIGHT="19" WIDTH="19" VPOS="1234" HPOS="1949"/>
<String CONTENT="de" HEIGHT="19" WIDTH="32" VPOS="1234" HPOS="1969"/>
<SP HEIGHT="20" WIDTH="18" VPOS="1233" HPOS="2002"/>
<String CONTENT="la" HEIGHT="20" WIDTH="32" VPOS="1233" HPOS="2021"/>
<SP HEIGHT="15" WIDTH="15" VPOS="1237" HPOS="2054"/>
<String CONTENT="nature" HEIGHT="21" WIDTH="101" VPOS="1232" HPOS="2070"/>
<SP HEIGHT="15" WIDTH="19" VPOS="1237" HPOS="2172"/>
<String CONTENT="et" HEIGHT="20" WIDTH="30" VPOS="1232" HPOS="2192"/>
<SP HEIGHT="21" WIDTH="18" VPOS="1231" HPOS="2223"/>
<String CONTENT="du" HEIGHT="20" WIDTH="31" VPOS="1231" HPOS="2242"/>
</TextLine>
<TextLine HEIGHT="28" WIDTH="550" VPOS="1259" HPOS="1764" CS="1">
<String CONTENT="divin." HEIGHT="21" WIDTH="96" VPOS="1264" HPOS="1764"/>
<SP HEIGHT="20" WIDTH="38" VPOS="1265" HPOS="1861"/>
<String CONTENT="Paris," HEIGHT="25" WIDTH="97" VPOS="1262" HPOS="1900"/>
<SP HEIGHT="23" WIDTH="21" VPOS="1263" HPOS="1998"/>
<String CONTENT="Editions" HEIGHT="21" WIDTH="134" VPOS="1261" HPOS="2020"/>
<SP HEIGHT="20" WIDTH="19" VPOS="1261" HPOS="2155"/>
<String CONTENT="du" HEIGHT="20" WIDTH="32" VPOS="1261" HPOS="2175"/>
<SP HEIGHT="19" WIDTH="16" VPOS="1262" HPOS="2208"/>
<String CONTENT="Seuil." HEIGHT="22" WIDTH="89" VPOS="1259" HPOS="2225"/>
</TextLine>
<TextLine HEIGHT="30" WIDTH="579" VPOS="1288" HPOS="1765" CS="1">
<String CONTENT="197" HEIGHT="25" WIDTH="48" VPOS="1293" HPOS="1765"/>
<SP HEIGHT="25" WIDTH="17" VPOS="1293" HPOS="1814"/>
<String CONTENT="p." HEIGHT="20" WIDTH="27" VPOS="1298" HPOS="1832"/>
<SP HEIGHT="19" WIDTH="41" VPOS="1295" HPOS="1860"/>
<String CONTENT="NM:" HEIGHT="20" WIDTH="42" VPOS="1294" HPOS="1902"/>
<SP HEIGHT="17" WIDTH="23" VPOS="1296" HPOS="1945"/>
<String CONTENT="new" HEIGHT="16" WIDTH="50" VPOS="1295" HPOS="1969"/>
<SP HEIGHT="19" WIDTH="17" VPOS="1291" HPOS="2020"/>
<String CONTENT="text" HEIGHT="20" WIDTH="65" VPOS="1291" HPOS="2038"/>
<SP HEIGHT="20" WIDTH="19" VPOS="1291" HPOS="2104"/>
<String CONTENT="&amp;" HEIGHT="19" WIDTH="16" VPOS="1292" HPOS="2124"/>
<SP HEIGHT="19" WIDTH="15" VPOS="1292" HPOS="2141"/>
<String CONTENT="compilation." HEIGHT="27" WIDTH="187" VPOS="1288" HPOS="2157"/>
</TextLine>
<TextLine HEIGHT="28" WIDTH="489" VPOS="1317" HPOS="1763" CS="1">
<String CONTENT="&#169;" HEIGHT="19" WIDTH="19" VPOS="1322" HPOS="1763"/>
<SP HEIGHT="21" WIDTH="13" VPOS="1322" HPOS="1783"/>
<String CONTENT="Editions" HEIGHT="22" WIDTH="135" VPOS="1321" HPOS="1797"/>
<SP HEIGHT="20" WIDTH="19" VPOS="1320" HPOS="1933"/>
<String CONTENT="du" HEIGHT="19" WIDTH="32" VPOS="1320" HPOS="1953"/>
<SP HEIGHT="20" WIDTH="17" VPOS="1320" HPOS="1986"/>
<String CONTENT="Seuil;" HEIGHT="25" WIDTH="96" VPOS="1319" HPOS="2004"/>
<SP HEIGHT="25" WIDTH="21" VPOS="1319" HPOS="2101"/>
<String CONTENT="30Jun72;" HEIGHT="26" WIDTH="129" VPOS="1317" HPOS="2123"/>
</TextLine>
<TextLine HEIGHT="26" WIDTH="166" VPOS="1349" HPOS="1763">
<!-- cceid 4C39C93D-6E5A-1014-8662-AF35A7EA7700 --><String CONTENT="AF0-70321." HEIGHT="26" WIDTH="166" VPOS="1349" HPOS="1763"/>
</TextLine>
<TextLine HEIGHT="27" WIDTH="437" VPOS="1406" HPOS="1706">
<String CONTENT="COMBER," HEIGHT="26" WIDTH="113" VPOS="1407" HPOS="1706"/>
<SP HEIGHT="26" WIDTH="21" VPOS="1407" HPOS="1820"/>
<String CONTENT="ELIZABETH" HEIGHT="22" WIDTH="153" VPOS="1406" HPOS="1842"/>
<SP HEIGHT="19" WIDTH="16" VPOS="1407" HPOS="1996"/>
<String CONTENT="K." HEIGHT="20" WIDTH="28" VPOS="1407" HPOS="2013"/>
<SP HEIGHT="20" WIDTH="23" VPOS="1407" HPOS="2042"/>
<String CONTENT="TANG." HEIGHT="20" WIDTH="77" VPOS="1407" HPOS="2066"/>
</TextLine>
<TextLine HEIGHT="28" WIDTH="600" VPOS="1433" HPOS="1742">
<String CONTENT="The" HEIGHT="19" WIDTH="46" VPOS="1436" HPOS="1742"/>
<SP HEIGHT="14" WIDTH="18" VPOS="1441" HPOS="1789"/>
<String CONTENT="morning" HEIGHT="25" WIDTH="118" VPOS="1436" HPOS="1808"/>
<SP HEIGHT="26" WIDTH="18" VPOS="1435" HPOS="1927"/>
<String CONTENT="deluge:" HEIGHT="24" WIDTH="112" VPOS="1435" HPOS="1946"/>
<SP HEIGHT="20" WIDTH="21" VPOS="1435" HPOS="2059"/>
<String CONTENT="Mao" HEIGHT="20" WIDTH="51" VPOS="1435" HPOS="2081"/>
<SP HEIGHT="19" WIDTH="18" VPOS="1436" HPOS="2133"/>
<String CONTENT="Tse-tung" HEIGHT="26" WIDTH="130" VPOS="1433" HPOS="2152"/>
<SP HEIGHT="20" WIDTH="16" VPOS="1438" HPOS="2283"/>
<String CONTENT="and" HEIGHT="22" WIDTH="42" VPOS="1433" HPOS="2300"/>
</TextLine>
<TextLine HEIGHT="32" WIDTH="536" VPOS="1457" HPOS="1776" CS="1">
<String CONTENT="the" HEIGHT="20" WIDTH="45" VPOS="1464" HPOS="1776"/>
<SP HEIGHT="20" WIDTH="20" VPOS="1465" HPOS="1822"/>
<String CONTENT="Chinese" HEIGHT="21" WIDTH="116" VPOS="1464" HPOS="1843"/>
<SP HEIGHT="15" WIDTH="20" VPOS="1468" HPOS="1960"/>
<String CONTENT="revolution," HEIGHT="25" WIDTH="181" VPOS="1463" HPOS="1981"/>
<SP HEIGHT="26" WIDTH="20" VPOS="1462" HPOS="2163"/>
<String CS="1" CONTENT="1893-1954," HEIGHT="30" WIDTH="128" VPOS="1457" HPOS="2184"/>
</TextLine>
<TextLine HEIGHT="28" WIDTH="577" VPOS="1490" HPOS="1773">
<String CONTENT="Han" HEIGHT="21" WIDTH="51" VPOS="1493" HPOS="1773"/>
<SP HEIGHT="20" WIDTH="16" VPOS="1494" HPOS="1825"/>
<String CONTENT="Suyin," HEIGHT="26" WIDTH="97" VPOS="1492" HPOS="1842"/>
<SP HEIGHT="20" WIDTH="21" VPOS="1497" HPOS="1940"/>
<String CONTENT="pseud." HEIGHT="26" WIDTH="95" VPOS="1491" HPOS="1962"/>
<SP HEIGHT="19" WIDTH="40" VPOS="1492" HPOS="2058"/>
<String CONTENT="1st" HEIGHT="20" WIDTH="48" VPOS="1492" HPOS="2099"/>
<SP HEIGHT="20" WIDTH="19" VPOS="1492" HPOS="2148"/>
<String CONTENT="ed." HEIGHT="20" WIDTH="43" VPOS="1492" HPOS="2168"/>
<SP HEIGHT="21" WIDTH="39" VPOS="1491" HPOS="2212"/>
<String CONTENT="Boston." HEIGHT="21" WIDTH="98" VPOS="1490" HPOS="2252"/>
</TextLine>
<TextLine HEIGHT="33" WIDTH="567" VPOS="1515" HPOS="1775" CS="1">
<String CONTENT="Little," HEIGHT="26" WIDTH="112" VPOS="1521" HPOS="1775"/>
<SP HEIGHT="24" WIDTH="22" VPOS="1523" HPOS="1888"/>
<String CONTENT="Brown." HEIGHT="20" WIDTH="95" VPOS="1522" HPOS="1911"/>
<SP HEIGHT="24" WIDTH="39" VPOS="1521" HPOS="2007"/>
<String CONTENT="571" HEIGHT="25" WIDTH="50" VPOS="1520" HPOS="2047"/>
<SP HEIGHT="26" WIDTH="17" VPOS="1521" HPOS="2098"/>
<String CONTENT="p." HEIGHT="21" WIDTH="27" VPOS="1526" HPOS="2116"/>
<SP HEIGHT="19" WIDTH="38" VPOS="1522" HPOS="2144"/>
<String CONTENT="NM:" HEIGHT="20" WIDTH="44" VPOS="1522" HPOS="2183"/>
<SP HEIGHT="25" WIDTH="22" VPOS="1519" HPOS="2228"/>
<String CS="1" CONTENT="95%" HEIGHT="24" WIDTH="29" VPOS="1519" HPOS="2251"/>
<SP HEIGHT="29" WIDTH="13" VPOS="1515" HPOS="2299"/>
<String CS="1" CONTENT="new" HEIGHT="16" WIDTH="29" VPOS="1523" HPOS="2313"/>
</TextLine>
<TextLine HEIGHT="32" WIDTH="584" VPOS="1546" HPOS="1772">
<String CONTENT="&#169;" HEIGHT="19" WIDTH="19" VPOS="1551" HPOS="1772"/>
<SP HEIGHT="21" WIDTH="14" VPOS="1551" HPOS="1792"/>
<String CONTENT="Han" HEIGHT="21" WIDTH="51" VPOS="1551" HPOS="1807"/>
<SP HEIGHT="20" WIDTH="17" VPOS="1551" HPOS="1859"/>
<String CONTENT="Suyin" HEIGHT="25" WIDTH="84" VPOS="1550" HPOS="1877"/>
<SP HEIGHT="30" WIDTH="21" VPOS="1547" HPOS="1962"/>
<String CONTENT="(Elizabeth" HEIGHT="30" WIDTH="162" VPOS="1547" HPOS="1984"/>
<SP HEIGHT="20" WIDTH="18" VPOS="1551" HPOS="2147"/>
<String CONTENT="K." HEIGHT="20" WIDTH="28" VPOS="1551" HPOS="2166"/>
<SP HEIGHT="20" WIDTH="23" VPOS="1550" HPOS="2195"/>
<String CONTENT="Tang" HEIGHT="25" WIDTH="62" VPOS="1549" HPOS="2219"/>
<SP HEIGHT="20" WIDTH="71" VPOS="1553" HPOS="2282"/>
<String CONTENT="," HEIGHT="5" WIDTH="2" VPOS="1563" HPOS="2354"/>
</TextLine>
<TextLine HEIGHT="31" WIDTH="423" VPOS="1576" HPOS="1774" CS="1">
<String CONTENT="Comber);" HEIGHT="30" WIDTH="130" VPOS="1577" HPOS="1774"/>
<SP HEIGHT="25" WIDTH="23" VPOS="1580" HPOS="1905"/>
<String CONTENT="12Sep72;" HEIGHT="26" WIDTH="129" VPOS="1579" HPOS="1929"/>
<SP HEIGHT="22" WIDTH="21" VPOS="1580" HPOS="2059"/>
<!-- cceid 4C3BC7C0-6E5A-1014-8662-AF35A7EA7700 --><String CS="1" CONTENT="A390673." HEIGHT="27" WIDTH="116" VPOS="1576" HPOS="2081"/>
</TextLine>
<TextLine HEIGHT="29" WIDTH="540" VPOS="1637" HPOS="1694">
<String CONTENT="COMBERIATE," HEIGHT="28" WIDTH="182" VPOS="1638" HPOS="1694"/>
<SP HEIGHT="26" WIDTH="23" VPOS="1640" HPOS="1876"/>
<String CONTENT="JOSEPHINE" HEIGHT="23" WIDTH="154" VPOS="1639" HPOS="1899"/>
<SP HEIGHT="21" WIDTH="16" VPOS="1640" HPOS="2053"/>
<String CONTENT="BERTOLINI." HEIGHT="24" WIDTH="165" VPOS="1640" HPOS="2069"/>
</TextLine>
<TextLine HEIGHT="30" WIDTH="511" VPOS="1666" HPOS="1728">
<String CONTENT="Our" HEIGHT="21" WIDTH="50" VPOS="1668" HPOS="1728"/>
<SP HEIGHT="21" WIDTH="17" VPOS="1668" HPOS="1779"/>
<String CONTENT="Christmas" HEIGHT="23" WIDTH="150" VPOS="1667" HPOS="1797"/>
<SP HEIGHT="15" WIDTH="20" VPOS="1674" HPOS="1948"/>
<String CONTENT="story" HEIGHT="26" WIDTH="83" VPOS="1669" HPOS="1969"/>
<SP HEIGHT="25" WIDTH="18" VPOS="1670" HPOS="2053"/>
<String CONTENT="for" HEIGHT="21" WIDTH="49" VPOS="1670" HPOS="2072"/>
<SP HEIGHT="21" WIDTH="17" VPOS="1670" HPOS="2122"/>
<String CONTENT="1972&#8212;" HEIGHT="26" WIDTH="99" VPOS="1669" HPOS="2140"/>
</TextLine>
<TextLine HEIGHT="34" WIDTH="504" VPOS="1693" HPOS="1763">
<String CONTENT="Christmas" HEIGHT="22" WIDTH="150" VPOS="1697" HPOS="1763"/>
<SP HEIGHT="15" WIDTH="18" VPOS="1704" HPOS="1914"/>
<String CONTENT="night." HEIGHT="26" WIDTH="97" VPOS="1698" HPOS="1933"/>
<SP HEIGHT="20" WIDTH="40" VPOS="1700" HPOS="2031"/>
<String CONTENT="16" HEIGHT="25" WIDTH="30" VPOS="1694" HPOS="2072"/>
<SP HEIGHT="30" WIDTH="17" VPOS="1694" HPOS="2103"/>
<String CONTENT="p." HEIGHT="20" WIDTH="29" VPOS="1704" HPOS="2121"/>
<SP HEIGHT="21" WIDTH="37" VPOS="1700" HPOS="2151"/>
<String CONTENT="Appl." HEIGHT="27" WIDTH="78" VPOS="1699" HPOS="2189"/>
</TextLine>
<TextLine HEIGHT="30" WIDTH="535" VPOS="1725" HPOS="1764" CS="1">
<String CONTENT="states" HEIGHT="20" WIDTH="97" VPOS="1727" HPOS="1764"/>
<SP HEIGHT="15" WIDTH="21" VPOS="1732" HPOS="1862"/>
<String CONTENT="some" HEIGHT="16" WIDTH="64" VPOS="1732" HPOS="1884"/>
<SP HEIGHT="15" WIDTH="20" VPOS="1732" HPOS="1949"/>
<String CONTENT="snapshots" HEIGHT="25" WIDTH="148" VPOS="1728" HPOS="1970"/>
<SP HEIGHT="20" WIDTH="18" VPOS="1734" HPOS="2119"/>
<String CONTENT="prev." HEIGHT="20" WIDTH="80" VPOS="1734" HPOS="2138"/>
<SP HEIGHT="21" WIDTH="19" VPOS="1733" HPOS="2219"/>
<String CONTENT="pub." HEIGHT="25" WIDTH="60" VPOS="1728" HPOS="2239"/>
</TextLine>
<TextLine HEIGHT="30" WIDTH="554" VPOS="1754" HPOS="1760">
<String CONTENT="&#169;" HEIGHT="19" WIDTH="18" VPOS="1756" HPOS="1760"/>
<SP HEIGHT="19" WIDTH="16" VPOS="1756" HPOS="1779"/>
<String CONTENT="Josephine" HEIGHT="27" WIDTH="152" VPOS="1755" HPOS="1796"/>
<SP HEIGHT="20" WIDTH="17" VPOS="1756" HPOS="1949"/>
<String CONTENT="Bertolini" HEIGHT="22" WIDTH="152" VPOS="1756" HPOS="1967"/>
<SP HEIGHT="20" WIDTH="18" VPOS="1758" HPOS="2120"/>
<String CONTENT="Comberiate;" HEIGHT="26" WIDTH="175" VPOS="1757" HPOS="2139"/>
</TextLine>
<TextLine HEIGHT="30" WIDTH="284" VPOS="1781" HPOS="1763" CS="1">
<String CONTENT="14Dec72;" HEIGHT="26" WIDTH="130" VPOS="1785" HPOS="1763"/>
<SP HEIGHT="25" WIDTH="19" VPOS="1786" HPOS="1894"/>
<!-- cceid 4C3DE73B-6E5A-1014-8662-AF35A7EA7700 --><String CS="1" CONTENT="A391890." HEIGHT="29" WIDTH="133" VPOS="1781" HPOS="1914"/>
</TextLine>
<TextLine HEIGHT="28" WIDTH="608" VPOS="1843" HPOS="1689">
<String CONTENT="COMBINED" HEIGHT="21" WIDTH="135" VPOS="1850" HPOS="1689"/>
<SP HEIGHT="20" WIDTH="17" VPOS="1850" HPOS="1825"/>
<String CONTENT="RECALL" HEIGHT="22" WIDTH="103" VPOS="1848" HPOS="1843"/>
<SP HEIGHT="20" WIDTH="14" VPOS="1848" HPOS="1947"/>
<String CONTENT="STUDIES" HEIGHT="21" WIDTH="117" VPOS="1847" HPOS="1962"/>
<SP HEIGHT="19" WIDTH="18" VPOS="1847" HPOS="2080"/>
<String CONTENT="OF" HEIGHT="19" WIDTH="33" VPOS="1847" HPOS="2099"/>
<SP HEIGHT="20" WIDTH="16" VPOS="1846" HPOS="2133"/>
<String CONTENT="SEARS" HEIGHT="21" WIDTH="82" VPOS="1845" HPOS="2150"/>
<SP HEIGHT="22" WIDTH="17" VPOS="1843" HPOS="2233"/>
<String CONTENT="AND" HEIGHT="20" WIDTH="46" VPOS="1843" HPOS="2251"/>
</TextLine>
<TextLine HEIGHT="29" WIDTH="634" VPOS="1870" HPOS="1723">
<String CONTENT="MAJOR" HEIGHT="20" WIDTH="85" VPOS="1879" HPOS="1723"/>
<SP HEIGHT="20" WIDTH="17" VPOS="1879" HPOS="1809"/>
<String CONTENT="RETAILERS" HEIGHT="22" WIDTH="150" VPOS="1876" HPOS="1827"/>
<SP HEIGHT="20" WIDTH="17" VPOS="1876" HPOS="1978"/>
<String CONTENT="NEWSPAPER" HEIGHT="21" WIDTH="154" VPOS="1875" HPOS="1996"/>
<SP HEIGHT="20" WIDTH="15" VPOS="1874" HPOS="2151"/>
<String CONTENT="ADVERTISING.," HEIGHT="28" WIDTH="190" VPOS="1870" HPOS="2167"/>
</TextLine>
<TextLine HEIGHT="36" WIDTH="604" VPOS="1898" HPOS="1723">
<String CONTENT="By" HEIGHT="22" WIDTH="31" VPOS="1909" HPOS="1723"/>
<SP HEIGHT="23" WIDTH="18" VPOS="1908" HPOS="1755"/>
<String CONTENT="D/732A" HEIGHT="31" WIDTH="101" VPOS="1903" HPOS="1774"/>
<SP HEIGHT="20" WIDTH="17" VPOS="1907" HPOS="1876"/>
<String CONTENT="Marketing" HEIGHT="25" WIDTH="152" VPOS="1904" HPOS="1894"/>
<SP HEIGHT="24" WIDTH="17" VPOS="1904" HPOS="2047"/>
<String CONTENT="Services." HEIGHT="23" WIDTH="147" VPOS="1902" HPOS="2065"/>
<SP HEIGHT="21" WIDTH="38" VPOS="1901" HPOS="2213"/>
<String CONTENT="Field" HEIGHT="22" WIDTH="75" VPOS="1898" HPOS="2252"/>
</TextLine>
<TextLine HEIGHT="31" WIDTH="591" VPOS="1928" HPOS="1723">
<String CONTENT="work," HEIGHT="22" WIDTH="80" VPOS="1937" HPOS="1723"/>
<SP HEIGHT="23" WIDTH="23" VPOS="1936" HPOS="1803"/>
<String CONTENT="data" HEIGHT="19" WIDTH="67" VPOS="1936" HPOS="1826"/>
<SP HEIGHT="20" WIDTH="21" VPOS="1939" HPOS="1893"/>
<String CONTENT="programming" HEIGHT="27" WIDTH="184" VPOS="1932" HPOS="1914"/>
<SP HEIGHT="22" WIDTH="19" VPOS="1935" HPOS="2098"/>
<String CONTENT="&amp;" HEIGHT="18" WIDTH="17" VPOS="1935" HPOS="2117"/>
<SP HEIGHT="21" WIDTH="17" VPOS="1935" HPOS="2134"/>
<String CONTENT="processing" HEIGHT="28" WIDTH="163" VPOS="1928" HPOS="2151"/>
</TextLine>
<TextLine HEIGHT="30" WIDTH="600" VPOS="1958" HPOS="1726" CS="1">
<String CONTENT="conducted" HEIGHT="20" WIDTH="150" VPOS="1964" HPOS="1726"/>
<SP HEIGHT="19" WIDTH="18" VPOS="1964" HPOS="1877"/>
<String CONTENT="by" HEIGHT="24" WIDTH="31" VPOS="1964" HPOS="1896"/>
<SP HEIGHT="25" WIDTH="19" VPOS="1963" HPOS="1928"/>
<String CONTENT="Response" HEIGHT="23" WIDTH="133" VPOS="1963" HPOS="1948"/>
<SP HEIGHT="18" WIDTH="17" VPOS="1962" HPOS="2082"/>
<String CONTENT="Analysis" HEIGHT="25" WIDTH="133" VPOS="1959" HPOS="2100"/>
<SP HEIGHT="21" WIDTH="19" VPOS="1958" HPOS="2234"/>
<String CONTENT="Corp." HEIGHT="22" WIDTH="72" VPOS="1958" HPOS="2254"/>
</TextLine>
<TextLine HEIGHT="32" WIDTH="589" VPOS="1985" HPOS="1727" CS="1">
<String CONTENT="1" HEIGHT="19" WIDTH="13" VPOS="1993" HPOS="1727"/>
<SP HEIGHT="20" WIDTH="17" VPOS="1993" HPOS="1741"/>
<String CONTENT="v." HEIGHT="16" WIDTH="28" VPOS="1998" HPOS="1759"/>
<SP HEIGHT="20" WIDTH="39" VPOS="1994" HPOS="1788"/>
<String CONTENT="Appl." HEIGHT="26" WIDTH="79" VPOS="1991" HPOS="1828"/>
<SP HEIGHT="15" WIDTH="22" VPOS="1997" HPOS="1908"/>
<String CONTENT="author:" HEIGHT="21" WIDTH="111" VPOS="1991" HPOS="1931"/>
<SP HEIGHT="21" WIDTH="23" VPOS="1990" HPOS="2043"/>
<String CONTENT="Sears," HEIGHT="22" WIDTH="95" VPOS="1990" HPOS="2067"/>
<SP HEIGHT="23" WIDTH="23" VPOS="1989" HPOS="2163"/>
<String CONTENT="Roebuck" HEIGHT="24" WIDTH="112" VPOS="1985" HPOS="2187"/>
<SP HEIGHT="20" WIDTH="16" VPOS="1985" HPOS="2300"/>
<String CS="1" CONTENT="&amp;"/>
</TextLine>
<TextLine HEIGHT="31" WIDTH="525" VPOS="2014" HPOS="1726">
<String CONTENT="Co." HEIGHT="20" WIDTH="45" VPOS="2024" HPOS="1726"/>
<SP HEIGHT="19" WIDTH="38" VPOS="2024" HPOS="1772"/>
<String CONTENT="Appl." HEIGHT="23" WIDTH="78" VPOS="2022" HPOS="1811"/>
<SP HEIGHT="20" WIDTH="24" VPOS="2022" HPOS="1890"/>
<String CONTENT="ti.:" HEIGHT="21" WIDTH="60" VPOS="2020" HPOS="1915"/>
<SP HEIGHT="20" WIDTH="23" VPOS="2020" HPOS="1976"/>
<String CONTENT="Combined" HEIGHT="22" WIDTH="133" VPOS="2018" HPOS="2000"/>
<SP HEIGHT="19" WIDTH="19" VPOS="2018" HPOS="2134"/>
<String CONTENT="retail" HEIGHT="23" WIDTH="97" VPOS="2014" HPOS="2154"/>
</TextLine>
<TextLine HEIGHT="30" WIDTH="623" VPOS="2042" HPOS="1728">
<String CONTENT="studies" HEIGHT="20" WIDTH="114" VPOS="2052" HPOS="1728"/>
<SP HEIGHT="16" WIDTH="19" VPOS="2055" HPOS="1843"/>
<String CONTENT="of" HEIGHT="20" WIDTH="32" VPOS="2050" HPOS="1863"/>
<SP HEIGHT="21" WIDTH="16" VPOS="2050" HPOS="1896"/>
<String CONTENT="Sears" HEIGHT="21" WIDTH="83" VPOS="2050" HPOS="1913"/>
<SP HEIGHT="15" WIDTH="19" VPOS="2052" HPOS="1997"/>
<String CONTENT="and" HEIGHT="19" WIDTH="47" VPOS="2048" HPOS="2017"/>
<SP HEIGHT="19" WIDTH="18" VPOS="2048" HPOS="2065"/>
<String CONTENT="major" HEIGHT="24" WIDTH="83" VPOS="2047" HPOS="2084"/>
<SP HEIGHT="15" WIDTH="19" VPOS="2050" HPOS="2168"/>
<String CONTENT="retailers." HEIGHT="23" WIDTH="163" VPOS="2042" HPOS="2188"/>
</TextLine>
<TextLine HEIGHT="29" WIDTH="537" VPOS="2075" HPOS="1727">
<String CONTENT="newspaper" HEIGHT="20" WIDTH="151" VPOS="2084" HPOS="1727"/>
<SP HEIGHT="15" WIDTH="17" VPOS="2083" HPOS="1879"/>
<String CONTENT="advertising." HEIGHT="25" WIDTH="199" VPOS="2077" HPOS="1897"/>
<SP HEIGHT="20" WIDTH="37" VPOS="2076" HPOS="2097"/>
<String CONTENT="&#169;" HEIGHT="19" WIDTH="19" VPOS="2076" HPOS="2135"/>
<SP HEIGHT="20" WIDTH="13" VPOS="2076" HPOS="2155"/>
<String CONTENT="Sears," HEIGHT="22" WIDTH="95" VPOS="2075" HPOS="2169"/>
</TextLine>
<TextLine HEIGHT="33" WIDTH="523" VPOS="2098" HPOS="1726" CS="1">
<String CONTENT="Roebuck" HEIGHT="20" WIDTH="119" VPOS="2109" HPOS="1726"/>
<SP HEIGHT="21" WIDTH="16" VPOS="2109" HPOS="1846"/>
<String CONTENT="&amp;" HEIGHT="19" WIDTH="16" VPOS="2111" HPOS="1863"/>
<SP HEIGHT="21" WIDTH="17" VPOS="2109" HPOS="1880"/>
<String CONTENT="Co.;" HEIGHT="23" WIDTH="60" VPOS="2108" HPOS="1898"/>
<SP HEIGHT="25" WIDTH="24" VPOS="2105" HPOS="1959"/>
<String CS="1" CONTENT="1Aug72;" HEIGHT="25" WIDTH="96" VPOS="2104" HPOS="1999"/>
<SP HEIGHT="24" WIDTH="21" VPOS="2105" HPOS="2096"/>
<!-- cceid 4C3FED05-6E5A-1014-8662-AF35A7EA7700 --><String CONTENT="A367848." HEIGHT="30" WIDTH="131" VPOS="2098" HPOS="2118"/>
</TextLine>
<TextLine HEIGHT="27" WIDTH="267" VPOS="2165" HPOS="1688">
<String CONTENT="COMBS," HEIGHT="26" WIDTH="96" VPOS="2166" HPOS="1688"/>
<SP HEIGHT="26" WIDTH="21" VPOS="2166" HPOS="1785"/>
<String CONTENT="ARTHUR" HEIGHT="20" WIDTH="102" VPOS="2166" HPOS="1807"/>
<SP HEIGHT="20" WIDTH="16" VPOS="2166" HPOS="1910"/>
<String CONTENT="W." HEIGHT="22" WIDTH="28" VPOS="2165" HPOS="1927"/>
</TextLine>
<TextLine HEIGHT="29" WIDTH="574" VPOS="2189" HPOS="1722">
<String CONTENT="Educational" HEIGHT="20" WIDTH="185" VPOS="2195" HPOS="1722"/>
<SP HEIGHT="19" WIDTH="19" VPOS="2195" HPOS="1908"/>
<String CONTENT="accountability:" HEIGHT="26" WIDTH="249" VPOS="2192" HPOS="1928"/>
<SP HEIGHT="21" WIDTH="20" VPOS="2192" HPOS="2178"/>
<String CONTENT="beyond" HEIGHT="27" WIDTH="97" VPOS="2189" HPOS="2199"/>
</TextLine>
<TextLine HEIGHT="29" WIDTH="541" VPOS="2218" HPOS="1755">
<String CONTENT="behavioral" HEIGHT="21" WIDTH="170" VPOS="2223" HPOS="1755"/>
<SP HEIGHT="21" WIDTH="17" VPOS="2222" HPOS="1926"/>
<String CONTENT="objectives." HEIGHT="25" WIDTH="183" VPOS="2221" HPOS="1944"/>
<SP HEIGHT="20" WIDTH="37" VPOS="2222" HPOS="2127"/>
<String CONTENT="Foreword" HEIGHT="23" WIDTH="130" VPOS="2218" HPOS="2165"/>
</TextLine>
<TextLine HEIGHT="28" WIDTH="536" VPOS="2248" HPOS="1756" CS="1">
<String CONTENT="by" HEIGHT="23" WIDTH="34" VPOS="2253" HPOS="1756"/>
<SP HEIGHT="22" WIDTH="18" VPOS="2254" HPOS="1791"/>
<String CONTENT="Jack" HEIGHT="19" WIDTH="66" VPOS="2253" HPOS="1810"/>
<SP HEIGHT="19" WIDTH="16" VPOS="2253" HPOS="1877"/>
<String CONTENT="R." HEIGHT="19" WIDTH="28" VPOS="2253" HPOS="1894"/>
<SP HEIGHT="20" WIDTH="21" VPOS="2252" HPOS="1923"/>
<String CONTENT="Frymier." HEIGHT="24" WIDTH="131" VPOS="2251" HPOS="1945"/>
<SP HEIGHT="19" WIDTH="37" VPOS="2252" HPOS="2077"/>
<String CONTENT="Washington," HEIGHT="26" WIDTH="177" VPOS="2248" HPOS="2115"/>
</TextLine>
<TextLine HEIGHT="30" WIDTH="556" VPOS="2276" HPOS="1757">
<String CONTENT="D.C.," HEIGHT="24" WIDTH="80" VPOS="2282" HPOS="1757"/>
<SP HEIGHT="24" WIDTH="21" VPOS="2282" HPOS="1838"/>
<String CONTENT="Association" HEIGHT="22" WIDTH="186" VPOS="2279" HPOS="1860"/>
<SP HEIGHT="18" WIDTH="18" VPOS="2280" HPOS="2047"/>
<String CONTENT="for" HEIGHT="18" WIDTH="48" VPOS="2280" HPOS="2066"/>
<SP HEIGHT="19" WIDTH="18" VPOS="2280" HPOS="2115"/>
<String CONTENT="Supervision" HEIGHT="27" WIDTH="179" VPOS="2276" HPOS="2134"/>
</TextLine>
<TextLine HEIGHT="32" WIDTH="535" VPOS="2301" HPOS="1757" CS="1">
<String CONTENT="&amp;" HEIGHT="18" WIDTH="16" VPOS="2311" HPOS="1757"/>
<SP HEIGHT="18" WIDTH="17" VPOS="2311" HPOS="1774"/>
<String CONTENT="Curriculum" HEIGHT="21" WIDTH="170" VPOS="2308" HPOS="1792"/>
<SP HEIGHT="20" WIDTH="15" VPOS="2308" HPOS="1963"/>
<String CONTENT="Development." HEIGHT="24" WIDTH="197" VPOS="2308" HPOS="1979"/>
<SP HEIGHT="26" WIDTH="38" VPOS="2302" HPOS="2177"/>
<String CONTENT="40" HEIGHT="25" WIDTH="33" VPOS="2301" HPOS="2216"/>
<SP HEIGHT="24" WIDTH="14" VPOS="2305" HPOS="2250"/>
<String CONTENT="p." HEIGHT="20" WIDTH="27" VPOS="2309" HPOS="2265"/>
</TextLine>
<TextLine HEIGHT="28" WIDTH="526" VPOS="2333" HPOS="1755">
<String CONTENT="&#169;" HEIGHT="19" WIDTH="19" VPOS="2338" HPOS="1755"/>
<SP HEIGHT="19" WIDTH="16" VPOS="2338" HPOS="1775"/>
<String CONTENT="Association" HEIGHT="22" WIDTH="186" VPOS="2336" HPOS="1792"/>
<SP HEIGHT="19" WIDTH="18" VPOS="2336" HPOS="1979"/>
<String CONTENT="for" HEIGHT="19" WIDTH="48" VPOS="2336" HPOS="1998"/>
<SP HEIGHT="18" WIDTH="18" VPOS="2337" HPOS="2047"/>
<String CONTENT="Supervision" HEIGHT="26" WIDTH="184" VPOS="2334" HPOS="2066"/>
<SP HEIGHT="19" WIDTH="15" VPOS="2333" HPOS="2251"/>
<String CONTENT="&amp;" HEIGHT="19" WIDTH="14" VPOS="2333" HPOS="2267"/>
</TextLine>
<TextLine HEIGHT="32" WIDTH="518" VPOS="2357" HPOS="1758" CS="1">
<String CONTENT="Curriculum" HEIGHT="21" WIDTH="168" VPOS="2365" HPOS="1758"/>
<SP HEIGHT="21" WIDTH="16" VPOS="2364" HPOS="1927"/>
<String CONTENT="Development;" HEIGHT="25" WIDTH="199" VPOS="2363" HPOS="1944"/>
<SP HEIGHT="30" WIDTH="22" VPOS="2358" HPOS="2144"/>
<String CS="1" CONTENT="6Jul72;" HEIGHT="29" WIDTH="109" VPOS="2357" HPOS="2167"/>
</TextLine>
<TextLine HEIGHT="28" WIDTH="129" VPOS="2390" HPOS="1758">
<!-- cceid 4C420D63-6E5A-1014-8662-AF35A7EA7700 --><String CONTENT="A355761." HEIGHT="28" WIDTH="129" VPOS="2390" HPOS="1758"/>
</TextLine>
<TextLine HEIGHT="27" WIDTH="386" VPOS="2448" HPOS="1687">
<String CONTENT="COMBS," HEIGHT="26" WIDTH="97" VPOS="2449" HPOS="1687"/>
<SP HEIGHT="24" WIDTH="22" VPOS="2451" HPOS="1785"/>
<String CONTENT="JOSEPH" HEIGHT="21" WIDTH="100" VPOS="2449" HPOS="1808"/>
<SP HEIGHT="19" WIDTH="17" VPOS="2450" HPOS="1909"/>
<String CONTENT="FRANKLIN." HEIGHT="21" WIDTH="146" VPOS="2448" HPOS="1927"/>
</TextLine>
<TextLine HEIGHT="31" WIDTH="620" VPOS="2472" HPOS="1722">
<String CONTENT="Kudjo" HEIGHT="25" WIDTH="84" VPOS="2478" HPOS="1722"/>
<SP HEIGHT="22" WIDTH="17" VPOS="2479" HPOS="1807"/>
<String CONTENT="Quatterman." HEIGHT="24" WIDTH="180" VPOS="2477" HPOS="1825"/>
<SP HEIGHT="19" WIDTH="40" VPOS="2477" HPOS="2006"/>
<String CONTENT="Illus." HEIGHT="20" WIDTH="94" VPOS="2476" HPOS="2047"/>
<SP HEIGHT="20" WIDTH="22" VPOS="2476" HPOS="2142"/>
<String CONTENT="by" HEIGHT="24" WIDTH="33" VPOS="2476" HPOS="2165"/>
<SP HEIGHT="24" WIDTH="16" VPOS="2476" HPOS="2199"/>
<String CONTENT="Virginia" HEIGHT="26" WIDTH="126" VPOS="2472" HPOS="2216"/>
</TextLine>
<TextLine HEIGHT="29" WIDTH="565" VPOS="2502" HPOS="1757" CS="1">
<String CONTENT="Harrison." HEIGHT="19" WIDTH="146" VPOS="2507" HPOS="1757"/>
<SP HEIGHT="21" WIDTH="40" VPOS="2506" HPOS="1904"/>
<String CONTENT="San" HEIGHT="20" WIDTH="49" VPOS="2506" HPOS="1945"/>
<SP HEIGHT="19" WIDTH="17" VPOS="2506" HPOS="1995"/>
<String CONTENT="Antonio," HEIGHT="25" WIDTH="130" VPOS="2505" HPOS="2013"/>
<SP HEIGHT="24" WIDTH="20" VPOS="2506" HPOS="2144"/>
<String CONTENT="Naylor" HEIGHT="26" WIDTH="99" VPOS="2503" HPOS="2165"/>
<SP HEIGHT="20" WIDTH="15" VPOS="2502" HPOS="2265"/>
<String CONTENT="Co." HEIGHT="20" WIDTH="41" VPOS="2502" HPOS="2281"/>
</TextLine>
<TextLine HEIGHT="32" WIDTH="503" VPOS="2529" HPOS="1758" CS="1">
<String CONTENT="115" HEIGHT="24" WIDTH="46" VPOS="2535" HPOS="1758"/>
<SP HEIGHT="25" WIDTH="22" VPOS="2536" HPOS="1804"/>
<String CONTENT="p." HEIGHT="20" WIDTH="26" VPOS="2541" HPOS="1826"/>
<SP HEIGHT="20" WIDTH="39" VPOS="2535" HPOS="1852"/>
<String CONTENT="&#169;Naylor" HEIGHT="25" WIDTH="137" VPOS="2534" HPOS="1891"/>
<SP HEIGHT="21" WIDTH="19" VPOS="2534" HPOS="2028"/>
<String CONTENT="Co.;" HEIGHT="24" WIDTH="63" VPOS="2534" HPOS="2047"/>
<SP HEIGHT="23" WIDTH="24" VPOS="2535" HPOS="2110"/>
<String CS="1" CONTENT="26Oct72;" HEIGHT="27" WIDTH="127" VPOS="2529" HPOS="2134"/>
</TextLine>
<TextLine HEIGHT="27" WIDTH="118" VPOS="2560" HPOS="1756">
<!-- cceid 4C442008-6E5A-1014-8662-AF35A7EA7700 --><String CONTENT="A380783" HEIGHT="27" WIDTH="118" VPOS="2560" HPOS="1756"/>
</TextLine>
<TextLine HEIGHT="27" WIDTH="233" VPOS="2623" HPOS="1701">
<String CONTENT="COMDEN," HEIGHT="27" WIDTH="114" VPOS="2623" HPOS="1701"/>
<SP HEIGHT="25" WIDTH="21" VPOS="2625" HPOS="1816"/>
<String CONTENT="BETTY." HEIGHT="20" WIDTH="96" VPOS="2624" HPOS="1838"/>
</TextLine>
<TextLine HEIGHT="28" WIDTH="620" VPOS="2648" HPOS="1737">
<String CONTENT="Singin'" HEIGHT="25" WIDTH="109" VPOS="2651" HPOS="1737"/>
<SP HEIGHT="19" WIDTH="25" VPOS="2652" HPOS="1847"/>
<String CONTENT="in" HEIGHT="19" WIDTH="31" VPOS="2652" HPOS="1873"/>
<SP HEIGHT="19" WIDTH="18" VPOS="2652" HPOS="1905"/>
<String CONTENT="the" HEIGHT="21" WIDTH="47" VPOS="2650" HPOS="1924"/>
<SP HEIGHT="16" WIDTH="20" VPOS="2654" HPOS="1972"/>
<String CONTENT="rain." HEIGHT="21" WIDTH="78" VPOS="2649" HPOS="1993"/>
<SP HEIGHT="19" WIDTH="39" VPOS="2651" HPOS="2072"/>
<String CONTENT="Story" HEIGHT="24" WIDTH="80" VPOS="2649" HPOS="2112"/>
<SP HEIGHT="24" WIDTH="18" VPOS="2649" HPOS="2193"/>
<String CONTENT="&amp;" HEIGHT="18" WIDTH="16" VPOS="2649" HPOS="2212"/>
<SP HEIGHT="19" WIDTH="17" VPOS="2648" HPOS="2229"/>
<String CONTENT="screen-," HEIGHT="21" WIDTH="110" VPOS="2648" HPOS="2247"/>
</TextLine>
<TextLine HEIGHT="30" WIDTH="584" VPOS="2675" HPOS="1769">
<String CONTENT="play" HEIGHT="24" WIDTH="67" VPOS="2681" HPOS="1769"/>
<SP HEIGHT="24" WIDTH="16" VPOS="2681" HPOS="1837"/>
<String CONTENT="by" HEIGHT="23" WIDTH="32" VPOS="2681" HPOS="1854"/>
<SP HEIGHT="22" WIDTH="18" VPOS="2682" HPOS="1887"/>
<String CONTENT="Betty" HEIGHT="25" WIDTH="84" VPOS="2679" HPOS="1906"/>
<SP HEIGHT="24" WIDTH="18" VPOS="2679" HPOS="1991"/>
<String CONTENT="Comden" HEIGHT="21" WIDTH="98" VPOS="2678" HPOS="2010"/>
<SP HEIGHT="19" WIDTH="18" VPOS="2679" HPOS="2109"/>
<String CONTENT="&amp;" HEIGHT="19" WIDTH="15" VPOS="2679" HPOS="2128"/>
<SP HEIGHT="20" WIDTH="15" VPOS="2678" HPOS="2144"/>
<String CONTENT="Adolph" HEIGHT="26" WIDTH="101" VPOS="2675" HPOS="2160"/>
<SP HEIGHT="20" WIDTH="13" VPOS="2675" HPOS="2262"/>
<String CONTENT="Greers" HEIGHT="20" WIDTH="77" VPOS="2675" HPOS="2276"/>
</TextLine>
<TextLine HEIGHT="28" WIDTH="519" VPOS="2703" HPOS="1768" CS="1">
<String CONTENT="With" HEIGHT="20" WIDTH="68" VPOS="2709" HPOS="1768"/>
<SP HEIGHT="19" WIDTH="17" VPOS="2709" HPOS="1837"/>
<String CONTENT="an" HEIGHT="15" WIDTH="32" VPOS="2713" HPOS="1855"/>
<SP HEIGHT="20" WIDTH="18" VPOS="2708" HPOS="1888"/>
<String CS="1" CONTENT="introd." HEIGHT="21" WIDTH="99" VPOS="2706" HPOS="1907"/>
<SP HEIGHT="20" WIDTH="20" VPOS="2706" HPOS="2020"/>
<String CONTENT="by" HEIGHT="24" WIDTH="34" VPOS="2706" HPOS="2041"/>
<SP HEIGHT="24" WIDTH="16" VPOS="2706" HPOS="2076"/>
<String CONTENT="the" HEIGHT="19" WIDTH="47" VPOS="2706" HPOS="2093"/>
<SP HEIGHT="15" WIDTH="20" VPOS="2710" HPOS="2141"/>
<String CONTENT="authors." HEIGHT="22" WIDTH="125" VPOS="2703" HPOS="2162"/>
</TextLine>
<TextLine HEIGHT="29" WIDTH="476" VPOS="2732" HPOS="1768" CS="1">
<String CONTENT="New" HEIGHT="20" WIDTH="52" VPOS="2737" HPOS="1768"/>
<SP HEIGHT="19" WIDTH="14" VPOS="2738" HPOS="1821"/>
<String CONTENT="York," HEIGHT="25" WIDTH="80" VPOS="2736" HPOS="1836"/>
<SP HEIGHT="24" WIDTH="19" VPOS="2737" HPOS="1917"/>
<String CONTENT="Viking" HEIGHT="25" WIDTH="103" VPOS="2735" HPOS="1937"/>
<SP HEIGHT="24" WIDTH="18" VPOS="2735" HPOS="2041"/>
<String CONTENT="Press." HEIGHT="20" WIDTH="95" VPOS="2735" HPOS="2060"/>
<SP HEIGHT="24" WIDTH="37" VPOS="2733" HPOS="2156"/>
<String CONTENT="75" HEIGHT="24" WIDTH="29" VPOS="2733" HPOS="2194"/>
<SP HEIGHT="24" WIDTH="20" VPOS="2733" HPOS="2224"/>
<String CS="1" CONTENT="p."/>
</TextLine>
<TextLine HEIGHT="40" WIDTH="546" VPOS="2755" HPOS="1775" CS="1">
<String CONTENT="(The" HEIGHT="32" WIDTH="60" VPOS="2763" HPOS="1775"/>
<SP HEIGHT="19" WIDTH="18" VPOS="2766" HPOS="1836"/>
<String CONTENT="MGM" HEIGHT="19" WIDTH="50" VPOS="2766" HPOS="1855"/>
<SP HEIGHT="20" WIDTH="18" VPOS="2765" HPOS="1906"/>
<String CONTENT="library" HEIGHT="25" WIDTH="116" VPOS="2764" HPOS="1925"/>
<SP HEIGHT="20" WIDTH="19" VPOS="2768" HPOS="2042"/>
<String CONTENT="of" HEIGHT="20" WIDTH="29" VPOS="2763" HPOS="2062"/>
<SP HEIGHT="20" WIDTH="19" VPOS="2763" HPOS="2092"/>
<String CONTENT="film" HEIGHT="19" WIDTH="67" VPOS="2763" HPOS="2112"/>
<SP HEIGHT="15" WIDTH="16" VPOS="2767" HPOS="2180"/>
<String CONTENT="scripts)" HEIGHT="31" WIDTH="124" VPOS="2755" HPOS="2197"/>
</TextLine>
<TextLine HEIGHT="33" WIDTH="576" VPOS="2788" HPOS="1775">
<String CONTENT="(A" HEIGHT="31" WIDTH="28" VPOS="2790" HPOS="1775"/>
<SP HEIGHT="19" WIDTH="15" VPOS="2795" HPOS="1804"/>
<String CONTENT="Viking" HEIGHT="25" WIDTH="102" VPOS="2793" HPOS="1820"/>
<SP HEIGHT="24" WIDTH="18" VPOS="2794" HPOS="1923"/>
<String CONTENT="film" HEIGHT="20" WIDTH="67" VPOS="2793" HPOS="1942"/>
<SP HEIGHT="19" WIDTH="14" VPOS="2793" HPOS="2010"/>
<String CONTENT="book)" HEIGHT="30" WIDTH="81" VPOS="2789" HPOS="2025"/>
<SP HEIGHT="30" WIDTH="35" VPOS="2789" HPOS="2107"/>
<String CONTENT="Appl." HEIGHT="26" WIDTH="81" VPOS="2790" HPOS="2143"/>
<SP HEIGHT="17" WIDTH="20" VPOS="2794" HPOS="2225"/>
<String CONTENT="author:" HEIGHT="20" WIDTH="105" VPOS="2788" HPOS="2246"/>
</TextLine>
<TextLine HEIGHT="32" WIDTH="572" VPOS="2815" HPOS="1768">
<String CONTENT="Viking" HEIGHT="25" WIDTH="103" VPOS="2822" HPOS="1768"/>
<SP HEIGHT="24" WIDTH="20" VPOS="2823" HPOS="1871"/>
<String CONTENT="Press," HEIGHT="25" WIDTH="96" VPOS="2822" HPOS="1891"/>
<SP HEIGHT="25" WIDTH="23" VPOS="2821" HPOS="1987"/>
<String CONTENT="Inc." HEIGHT="20" WIDTH="61" VPOS="2821" HPOS="2010"/>
<SP HEIGHT="19" WIDTH="38" VPOS="2821" HPOS="2071"/>
<String CONTENT="NM:" HEIGHT="20" WIDTH="46" VPOS="2821" HPOS="2110"/>
<SP HEIGHT="18" WIDTH="23" VPOS="2823" HPOS="2156"/>
<String CONTENT="additional" HEIGHT="23" WIDTH="160" VPOS="2815" HPOS="2179"/>
</TextLine>
<TextLine HEIGHT="26" WIDTH="588" VPOS="2845" HPOS="1770">
<String CONTENT="text" HEIGHT="20" WIDTH="66" VPOS="2850" HPOS="1770"/>
<SP HEIGHT="20" WIDTH="18" VPOS="2850" HPOS="1837"/>
<String CONTENT="to" HEIGHT="20" WIDTH="32" VPOS="2850" HPOS="1856"/>
<SP HEIGHT="20" WIDTH="17" VPOS="2850" HPOS="1889"/>
<String CONTENT="the" HEIGHT="21" WIDTH="48" VPOS="2849" HPOS="1907"/>
<SP HEIGHT="21" WIDTH="19" VPOS="2848" HPOS="1956"/>
<String CONTENT="introd." HEIGHT="20" WIDTH="111" VPOS="2848" HPOS="1976"/>
<SP HEIGHT="21" WIDTH="37" VPOS="2847" HPOS="2088"/>
<String CONTENT="&#169;" HEIGHT="19" WIDTH="20" VPOS="2847" HPOS="2126"/>
<SP HEIGHT="21" WIDTH="11" VPOS="2847" HPOS="2147"/>
<String CONTENT="Viking" HEIGHT="24" WIDTH="102" VPOS="2846" HPOS="2159"/>
<SP HEIGHT="24" WIDTH="16" VPOS="2845" HPOS="2262"/>
<String CONTENT="Pressi" HEIGHT="19" WIDTH="79" VPOS="2845" HPOS="2279"/>
</TextLine>
<TextLine HEIGHT="30" WIDTH="370" VPOS="2873" HPOS="1772" CS="1">
<String CONTENT="Inc.;" HEIGHT="24" WIDTH="78" VPOS="2879" HPOS="1772"/>
<SP HEIGHT="25" WIDTH="20" VPOS="2878" HPOS="1851"/>
<String CS="1" CONTENT="26Jul72;" HEIGHT="28" WIDTH="131" VPOS="2874" HPOS="1872"/>
<SP HEIGHT="24" WIDTH="19" VPOS="2877" HPOS="2004"/>
<!-- cceid 4C465836-6E5A-1014-8662-AF35A7EA7700 --><String CS="1" CONTENT="A357296." HEIGHT="28" WIDTH="118" VPOS="2873" HPOS="2024"/>
</TextLine>
</TextBlock>
</ComposedBlock>
</ComposedBlock>
<GraphicalElement ID="Page2600_Block11" HEIGHT="13" WIDTH="154" VPOS="3021" HPOS="2200"/>
<GraphicalElement ID="Page2600_Block12" HEIGHT="4" WIDTH="162" VPOS="3029" HPOS="2038"/>
<GraphicalElement ID="Page2600_Block13" HEIGHT="58" WIDTH="6" VPOS="2994" HPOS="2356"/>
<GraphicalElement ID="Page2600_Block14" HEIGHT="273" WIDTH="6" VPOS="135" HPOS="2348"/>
<GraphicalElement ID="Page2600_Block15" HEIGHT="138" WIDTH="5" VPOS="741" HPOS="2350"/>
<GraphicalElement ID="Page2600_Block16" HEIGHT="370" WIDTH="19" VPOS="1088" HPOS="2359"/>
<GraphicalElement ID="Page2600_Block17" HEIGHT="690" WIDTH="22" VPOS="1652" HPOS="2361"/>
<GraphicalElement ID="Page2600_Block18" HEIGHT="178" WIDTH="15" VPOS="1474" HPOS="2368"/>
</PrintSpace>
</Page>
</Layout>
</alto>