2358 3325
109 154 60 27 3674

91 253 170 21 UNIVERSITY
280 252 33 20 OF
330 250 116 26 HAWAII,
467 247 150 24 HONOLULU.

127 281 169 23 INDUSTRIAL
314 280 151 21 RELATIONS
486 278 114 22 CENTER.

125 311 101 26 Higher
246 309 152 22 education
417 307 134 22 contract
571 306 100 21 clause

162 341 112 21 finder.
315 340 13 19 1
348 344 28 15 v.
417 338 45 20 NM:
486 336 199 26 compilation.

156 369 21 21 ©
196 368 167 22 Industrial
383 365 152 23 Relations
555 364 114 26 Center,

160 397 171 26 University
349 396 33 20 of
401 393 113 27 Hawaii;
537 388 115 30 6Nov72;
159 420 132 31 A385716.

101 472 172 24 UNIVERSITY
290 473 33 22 OF
342 472 115 29 HAWAII,
479 471 149 26 HONOLULU.

135 502 118 23 WAIKIKI
273 502 149 26 AQUARIUM.
462 503 49 22 See

135 532 155 23 DIRECTORY
307 534 33 19 OF
359 533 50 21 THE
428 532 99 22 PUBLIC
546 532 119 24 AQUARIA
685 533 31 20 OF

170 563 50 20 THE
238 562 98 27 WORLD,
360 560 164 28 1972-1973.

103 608 173 26 UNIVERSITY
293 610 34 22 OF
344 609 132 25 HOUSTON.

138 640 118 23 Modules
277 642 49 20 for
345 640 185 22 mathematics
552 640 32 20 in
603 639 47 22 the

174 669 168 26 elementary
363 669 113 27 school,
499 669 50 22 EED
568 663 62 29 433.
671 668 47 21 See

173 698 167 28 UNDERHILL,
362 697 114 23 ROBERT.

140 731 47 22 The
210 730 148 21 structure
381 729 32 20 of
433 728 82 20 tonal
535 725 98 26 music,

176 726 512 58 including
313 763 31 15 an
364 756 204 22 introduction
588 755 31 20 to

176 787 152 21 twentieth
347 786 117 25 century
484 782 183 27 techniques.
708 782 45 21 See

176 816 149 26 BENJAMIN,
346 815 102 20 THOMAS
467 815 31 20 E.

118 865 170 24 UNIVERSITY
307 865 33 22 OF
360 863 82 23 IDAHO
461 862 136 23 RESEARCH
153 859 562 59 FOUNDATION.

153 926 80 21 Gems:
256 930 17 14 a
291 922 187 28 generalized
498 925 102 21 energy
617 920 48 20 and

188 952 134 23 material
342 951 117 21 balance
481 947 169 24 simulation
670 947 111 25 system.

189 984 48 19 See
256 981 133 26 KOTNOUR,
411 978 101 22 THOMAS
531 979 29 20 A.

113 1035 172 26 UNIVERSITY
301 1039 36 21 OF
354 1038 147 25 ILLINOIS.
542 1037 85 23 BLACK
147 1038 549 53 CURRICULUM
285 1067 187 23 DEVELOPMENT
492 1067 129 24 PROJECT.
663 1069 47 20 See

148 1097 16 21 A
183 1098 84 20 BLACK
286 1097 170 22 CURRICULUM
475 1096 49 23 FOR
543 1097 84 21 EARLY
183 1097 546 50 CHILDHOOD
268 1125 163 24 EDUCATION.

114 1175 170 26 UNIVERSITY
304 1178 32 21 OF
356 1177 145 24 ILLINOIS.
544 1175 84 24 BOARD
647 1176 33 22 OF
150 1205 145 26 TRUSTEES.

149 1237 99 22 Blacks
271 1241 30 17 on
321 1238 67 20 John
407 1238 96 19 Brown.
545 1237 47 20 See
613 1235 130 26 QUARLES,

183 1265 150 27 BENJAMIN,
355 1265 45 22 ed.

145 1301 47 22 The
213 1302 100 21 Booker
332 1302 28 20 T.
383 1300 171 26 Washington
573 1304 113 21 papers.

179 1331 47 20 See
246 1328 185 29 WASHINGTON,
454 1329 101 21 BOOKER
573 1327 182 23 TALIAFERRO.

148 1362 167 23 Catiline's
336 1362 95 21 dream.
472 1361 48 21 See
540 1360 80 25 HURT,
643 1359 94 22 JAMES.

148 1398 234 22 Communication:
403 1396 118 22 methods
543 1397 49 19 for
612 1396 47 21 all
678 1396 97 20 media.

182 1429 49 20 See
250 1428 80 26 READ,
353 1426 115 22 HADLEY.

151 1457 201 29 Contemporary
371 1459 135 25 Yugoslav
528 1458 179 21 literature:
731 1463 13 16 a

183 1487 238 27 sociopolitical
439 1488 149 25 approach.
628 1488 50 20 See

184 1519 97 25 LUKIC,
304 1517 95 23 SVETA.

151 1546 84 21 Dated
254 1546 84 21 Greek
357 1547 185 26 manuscripts
563 1549 31 19 of
614 1549 48 20 the
186 1547 562 49 thirteenth

306 1576 48 20 and
375 1574 169 25 fourteenth
563 1577 149 21 centuries
734 1576 33 20 in
186 1605 49 19 the
253 1603 152 24 libraries

425 1605 33 20 of
476 1605 98 26 Italy.
613 1605 49 22 See
682 1605 97 25 TURYN,
186 1633 164 23 ALEXANDER.

160 1658 49 21 The
230 1657 116 27 ecology
366 1658 32 20 of
417 1656 130 22 animals.
589 1656 49 21 See
194 1685 115 28 NAUMOV,
332 1686 28 21 N.
384 1685 27 22 P.

164 1719 186 23 Groundwater
369 1718 117 25 quality
507 1716 49 21 and
576 1714 163 21 treatment.

200 1751 47 19 See
264 1748 87 22 WATER
369 1747 121 24 QUALITY
508 1743 182 27 CONFERENCE,
200 1776 80 28 14TH,

301 1776 172 22 UNIVERSITY
490 1775 34 21 OF
542 1772 149 26 ILLINOIS,
199 1807 116 26 URBANA,
337 1805 79 25 1972.

159 1841 48 22 The
227 1840 79 21 home:
332 1839 46 20 its
399 1838 67 20 work
485 1836 47 21 and
555 1834 162 21 influence.

195 1871 47 21 See
263 1869 113 26 GILMAN,
400 1865 152 24 CHARLOTTE
571 1863 129 22 PERKINS.

171 1898 250 29 Intentionality,
444 1896 80 26 mind,
548 1897 48 19 and
618 1895 147 25 language.

204 1930 50 20 See
273 1928 116 27 MARRAS,
409 1925 134 27 AUSONIO,
567 1924 45 22 ed.

153 1966 83 22 Latin
257 1965 115 22 textual
393 1963 164 22 criticism.
598 1961 48 22 See
666 1960 115 26 WILLIS,
187 1994 97 21 JAMES.

163 2021 117 26 Lawyers
299 2020 100 21 before
422 2019 46 21 the
486 2019 104 21 Warren
608 2018 96 20 Court:

197 2050 83 20 civil
300 2049 151 21 liberties
471 2048 49 21 and
540 2048 84 19 civil
644 2046 113 25 rights,

198 2073 130 30 1957-66.
369 2078 48 21 See
438 2077 113 26 CASPER,
574 2076 135 21 JONATHAN
728 2076 28 20 D.

157 2111 48 22 The
226 2111 116 22 learned
362 2110 101 21 Doctor
480 2108 121 22 William
617 2108 82 21 Ames.

192 2141 48 21 See
261 2139 147 29 SPRUNGER,
429 2138 87 22 KEITH
533 2139 29 20 L.

159 2172 49 20 Men
229 2171 48 20 and
299 2170 146 21 brothers.
485 2170 47 20 See
554 2169 166 26 FLADELAND,
195 2200 96 20 BETTY.

166 2225 111 26 Rappin'
303 2226 49 20 and
373 2225 109 26 stylin'
509 2225 61 21 out.
612 2224 48 21 See

200 2253 131 28 KOCHMAN,
355 2254 99 21 THOMAS,
493 2253 43 21 ed.

164 2291 220 26 Revolutionary
405 2289 129 26 justice.
574 2288 49 20 See
643 2285 131 27 HOFFMAN,

198 2320 101 21 ROBERT
318 2320 29 20 L.

165 2350 168 24 Scientific
352 2352 118 22 methods
492 2353 31 21 of
541 2354 84 19 urban
646 2352 145 25 analysis.

199 2380 50 21 See
269 2379 147 29 CATANESE,
438 2380 121 22 ANTHONY
575 2382 29 20 J.

162 2413 132 23 Selected
314 2413 83 20 works
419 2412 31 20 of
470 2410 116 22 Zinaida
605 2409 131 26 Hippius.

196 2444 48 20 See
263 2442 133 25 HIPPIUS,
419 2439 130 22 ZINAIDA.

172 2478 49 22 The
242 2475 98 26 spirit
362 2475 31 20 of
411 2473 84 25 youth
515 2472 48 19 and
583 2469 48 22 the
653 2468 65 24 city

209 2505 128 21 streets.
378 2502 50 20 See
446 2499 115 24 ADDAMS,
583 2497 81 21 JANE.

162 2538 48 21 The
231 2537 116 25 Supreme
368 2536 82 20 Court
470 2534 49 21 and
540 2533 100 21 social
660 2532 127 21 science.

197 2567 48 20 See
265 2566 97 25 ROSEN,
385 2564 69 21 PAUL
471 2565 27 19 L.

135 2635 169 25 UNIVERSITY
323 2637 33 21 OF
375 2635 145 24 ILLINOIS.
562 2634 84 23 BOARD
665 2635 33 21 OF

169 2665 146 25 TRUSTEES.
358 2666 48 20 See

169 2695 15 21 A
222 2695 66 22 BLACK
307 2694 170 22 CURRICULUM
495 2694 50 21 FOR
563 2693 84 21 EARLY
203 2692 547 52 CHILDHOOD
289 2723 163 22 EDUCATION.

126 2797 171 23 UNIVERSITY
314 2798 33 20 OF
367 2797 148 27 ILLINOIS,
538 2794 114 24 URBANA.
161 2794 598 55 GRADUATE
246 2827 120 21 STUDENT
383 2826 81 22 ASSN.
503 2826 50 21 See

162 2855 135 22 CONSUMER
317 2856 83 19 GUIDE
418 2855 51 19 AND
486 2853 68 22 VADE
571 2853 86 21 MECUM
195 2852 580 54 SUPPLEMENT.

853 243 168 24 UNIVERSITY
1041 241 32 22 OF
1093 238 80 28 IOWA,
1195 237 67 22 IOWA
1282 235 79 23 CITY.

887 272 152 26 Beginning
1058 268 118 26 nursing
1194 265 185 25 management.
1419 264 48 19 See

922 302 98 26 PRICE,
1041 298 150 23 MARJORIE.

880 331 204 28 Experimental
1106 326 134 23 research
1261 324 30 21 in
1311 323 48 19 the
917 325 513 62 psychology
1054 359 32 21 of
1106 355 97 22 music.
1243 353 48 20 See
1311 349 115 26 GORDON,

917 391 97 25 EDWIN,
1038 387 45 22 ed.

890 425 101 22 Extant
1009 420 137 23 medieval
1163 417 120 23 musical
1303 412 198 23 instruments:

926 461 13 13 a
959 449 187 29 provisional
1166 445 151 26 catalogue
1337 443 32 25 by
1389 442 95 25 types.

926 482 50 21 See
997 479 96 26 CRANE,
1113 474 167 24 FREDERICK.

883 516 201 25 Instructions
1106 515 48 20 for
1175 513 46 21 the
1242 511 117 26 patient
1380 509 82 21 after
1483 512 14 15 a

915 547 84 21 heart
1021 544 111 22 attack.
1192 542 47 20 See
1277 537 170 24 UNIVERSITY

918 575 32 22 OF
970 575 81 25 IOWA,
1072 573 66 21 IOWA
1158 571 78 21 CITY.
1278 566 151 23 HOSPITALS
1449 565 16 20 &

919 603 128 23 CLINICS.
1087 601 80 21 DEPT.
1192 599 34 20 OF
1243 596 131 23 NURSING.

887 635 201 24 Instructions
1111 635 47 20 for
1178 634 48 20 the
1247 633 115 25 patient
1382 631 69 22 with
1470 637 13 14 a

921 665 167 25 colostomy..
1127 663 47 21 See
1195 661 170 22 UNIVERSITY
1384 660 33 21 OF
1437 658 77 24 IOWA,

921 688 541 28 IOWA CITY. HOSPITALS & CLINICS.
921 723 78 22 DEPT.
1024 722 33 21 OF
1076 720 129 22 NURSING.

888 755 162 22 Isolation:
1074 754 52 19 how
1145 753 48 20 and
1212 752 63 24 why.
1316 751 49 20 See

921 781 171 23 UNIVERSITY
1111 781 32 20 OF
1163 780 79 26 IOWA,
1266 779 66 21 IOWA
1352 778 76 22 CITY.

921 810 152 23 HOSPITALS
1093 810 17 20 &
1129 809 129 22 CLINICS.
1299 807 69 21 DEPT
1386 806 33 22 OF

923 840 128 21 NURSING.

903 875 65 20 Iowa
989 870 82 22 tests
1093 869 31 21 of
1143 868 82 20 basic
1248 865 112 24 skills,
1386 863 80 21 forms
1487 862 13 23 5
1521 862 17 19 &

938 898 28 30 6;
991 898 167 28 percentile
1178 900 82 17 norms
1283 894 48 21 for
1350 891 134 23 Catholic

940 928 128 23 schools.
1109 926 115 24 Boston,
1248 922 137 27 Houghton
1402 917 131 25 Mifflin.

940 955 31 30 49
992 964 26 20 p.
1058 957 20 21 ©
1094 954 170 24 University
1284 951 31 22 of
1335 951 79 24 Iowa;

941 986 113 26 2Nov72;
1079 979 117 29 A388397.

909 1018 66 21 Iowa
995 1014 81 21 tests
1098 1011 31 20 of
1148 1009 82 22 basic
1254 1006 97 22 skills,
1390 1004 83 21 forms
1491 1004 14 23 5
1526 1003 16 18 &

943 1041 29 30 6;
995 1040 170 29 percentile
1184 1042 83 16 norms
1289 1036 48 19 for
1357 1034 84 25 large

945 1073 113 21 cities.
1099 1069 102 22 Boston,
1237 1064 136 27 Houghton
1391 1058 131 26 Mifflin.

946 1098 31 29 49
996 1106 29 20 p.
1064 1099 20 21 ©
1099 1096 172 25 University
1291 1093 31 20 of
1343 1093 78 23 Iowa;

964 1130 97 26 1Aug72;
1084 1121 130 31 A388407.

911 1167 65 21 Iowa
996 1162 82 22 tests
1095 1158 32 21 of
1147 1156 81 21 basic
1250 1154 113 25 skills,
1388 1151 82 22 forms

944 1195 14 24 5
979 1195 16 19 &
1013 1189 28 28 6;
1064 1188 169 30 percentile
1254 1190 82 17 norms
1358 1183 49 21 for
1425 1182 47 19 the

943 1222 120 24 Midwest
1084 1218 111 25 region.
1237 1215 115 24 Boston,
1375 1210 135 27 Houghton

945 1249 132 26 Mifflin.
1119 1243 31 25 46
1169 1251 28 21 p.
1237 1245 20 20 ©
1272 1240 171 26 University
1462 1239 32 20 of

947 1282 79 24 Iowa;
1119 1276 45 25 1Sep72;
1187 1268 130 30 A388406.

908 1314 65 21 Iowa
994 1311 81 21 tests
1096 1310 31 21 of
1147 1309 82 21 basic
1252 1307 113 25 skills,
1389 1305 81 22 forms
1491 1306 13 23 5
1525 1306 17 19 &

942 1337 28 31 6;
993 1339 169 28 percentile
1182 1342 83 16 norms
1286 1337 49 20 for
1355 1335 47 20 the
942 1334 564 58 northeast

1029 1369 111 26 region.
1182 1366 116 24 Boston,
1320 1364 137 25 Houghton

942 1397 131 25 Mifflin.
1116 1393 31 24 46
1167 1401 26 20 p.
1233 1395 20 20 ©
1268 1391 172 28 University
1459 1391 31 20 of

944 1430 78 24 Iowa;
1064 1425 96 27 1Sep72;
1184 1418 130 30 A388405.

905 1464 67 20 Iowa
992 1460 81 22 tests
1095 1459 32 21 of
1146 1458 82 21 basic
1251 1455 112 25 skills,
1388 1453 81 22 forms

939 1492 15 24 5
973 1492 17 20 &
1008 1487 29 28 6;
1061 1487 168 28 percentile
1249 1489 83 17 norms
1353 1482 50 21 for
1423 1482 47 20 the

942 1519 151 22 southeast
1114 1515 112 27 region.
1268 1514 113 24 Boston,
1405 1509 136 26 Houghton

940 1547 131 24 Mifflin.
1115 1542 31 24 46
1165 1549 27 21 p.
1232 1543 20 20 ©
1268 1540 171 26 University
1458 1539 31 19 of

943 1579 79 25 Iowa;
1046 1574 114 26 2Nov72;
1183 1567 130 30 A388398.

903 1608 135 25 Physical
1058 1604 168 23 activities
1247 1602 49 21 for
1317 1598 185 27 handicapped

939 1635 135 22 children
1093 1635 33 19 in
1145 1633 46 21 the
1214 1632 79 20 home.
1334 1630 46 20 See
1401 1628 82 26 MARX,

941 1666 82 21 ORRIN
1042 1665 28 20 H.

905 1693 16 21 A
939 1693 102 21 review
1060 1692 31 21 of
1112 1689 234 23 biostatistics.
1387 1688 46 22 See

939 1723 168 29 LEAVERTON,
1130 1722 66 22 PAUL
1213 1724 30 19 E.

899 1759 50 24 SRA
966 1760 168 22 assessment
1157 1762 111 23 survey.
1311 1758 48 20 See
1380 1755 118 23 SCIENCE

933 1791 134 21 RESEARCH
1086 1789 185 27 ASSOCIATES,
1294 1788 61 21 INC.

905 1827 101 21 Social
1023 1824 71 22 work
1110 1823 151 26 practice:
1282 1824 16 17 a
1318 1819 133 26 syllabus

940 1856 48 21 and
1010 1853 67 22 book
1095 1854 31 20 of
1146 1851 149 26 readings.
1336 1850 47 19 See
1404 1846 131 26 JOHNSON,

941 1885 101 21 LOUISE
1061 1883 29 22 C.

871 1935 173 24 UNIVERSITY
1062 1935 33 23 OF
1113 1933 80 30 IOWA,
1216 1934 67 22 IOWA
1302 1935 80 20 CITY.
1422 1933 49 21 See

908 1966 168 24 PEDODONTIC
1095 1966 154 22 DIAGNOSIS
1267 1965 51 22 AND
1337 1965 153 21 TREATMENT

943 1993 272 24 SELF-INSTRUCTION
1235 1994 147 21 SYLLABUS.

908 2029 118 22 PROJECT
1045 2028 84 22 SPEED
1148 2026 147 23 SYLLABUS.

874 2093 169 24 UNIVERSITY
1062 2096 33 21 OF
1115 2095 79 28 IOWA,
1218 2096 65 20 IOWA
1303 2096 79 21 CITY.
907 2095 567 51 COLLEGE
994 2126 32 20 OF
1044 2124 150 24 MEDICINE.
1234 2125 81 23 DEPT.
1337 2126 33 20 OF
907 2125 601 50 ORTHOPEDIC
975 2154 134 23 SURGERY.
1147 2155 50 22 See

908 2181 171 24 CONGENITAL
1096 2183 152 22 ANOMALIES
1269 2183 32 21 OF
1319 2184 51 19 THE
1388 2183 80 21 HAND.

880 2242 175 21 UNIVERSITY
1072 2242 32 20 OF
1124 2241 78 27 IOWA,
1227 2241 64 19 IOWA
1311 2240 80 20 CITY.

914 2267 516 55 HOSPITALS & CLINICS. DEPT. OF NURSING.
917 2327 202 22 Instructions
1141 2326 48 21 for
1210 2327 47 19 the
1276 2325 119 26 patient
1415 2324 84 20 after
1518 2328 14 14 a

950 2356 85 22 heart
1054 2356 114 21 attack.
1211 2355 32 20 22
1260 2359 28 15 o.
1326 2353 20 20 ©
1363 2351 172 27 University

951 2385 33 21 of
1003 2385 79 26 Iowa;
1106 2383 115 26 1Nov72;
1242 2377 133 30 A387625.

920 2417 201 23 Instructions
1143 2415 48 20 for
1211 2415 48 20 the
1278 2412 119 26 patient
1415 2410 69 20 with
1503 2413 15 16 a

954 2446 165 26 colostomy.
1161 2439 31 26 18
1210 2448 29 20 p.
1277 2441 19 20 ©
1314 2439 171 26 University
1504 2438 32 20 of

955 2476 78 24 Iowa;
1057 2473 114 25 3Nov72;
1194 2465 131 30 A387623.

922 2505 164 22 Isolation:
1110 2505 50 19 how
1180 2502 48 22 and
1246 2500 64 26 why.
1349 2495 16 24 8
1383 2502 30 21 p.

952 2535 20 21 ©
989 2533 173 26 University
1181 2532 31 21 of
1232 2530 78 26 Iowa;
1335 2527 112 26 2Nov72;

956 2558 132 32 A387624.

880 2624 170 22 UNIVERSITY
1069 2623 34 22 OF
1120 2621 66 22 IOWA
1206 2620 96 23 PRESS.

915 2654 99 21 Extant
1034 2652 136 22 medieval
1188 2650 119 21 musical
1326 2648 198 22 instruments:

950 2687 14 16 a
983 2681 188 26 provisional
1190 2678 151 26 catalogue
1360 2678 32 24 by
1412 2677 96 25 types.

950 2711 49 22 See
1021 2711 96 26 CRANE,
1137 2707 167 23 FREDERICK.

889 2789 171 23 UNIVERSITY
1078 2790 33 20 OF
1128 2786 116 29 KANSAS,
1267 2784 147 25 LAWRENCE.

921 2820 83 23 DEPT.
1028 2821 32 20 OF
1077 2818 182 22 PHILOSOPHY.

923 2851 85 21 Moral
1027 2848 198 27 rationality.
1267 2847 48 20 See
1336 2846 131 26 GEWIRTH,
958 2879 80 22 ALAN.

1597 235 172 25 UNIVERSITY
1787 234 32 21 OF
1838 231 115 28 KANSAS,
1976 229 147 23 LAWRENCE.

1631 265 122 23 MEDICAL
1770 264 115 21 CENTER.
1924 262 82 21 DEPT.
2027 261 35 19 OF
2078 257 153 23 DIETETICS

1631 296 17 20 &
1667 295 167 22 NUTRITION.

1634 326 100 20 Kansas
1755 323 66 21 diet
1840 320 114 23 manual.
1995 318 48 21 See
2063 316 100 22 KANSAS

1669 354 135 22 DIETETIC
1823 351 99 26 ASSN.,
1945 350 62 22 INC.

1617 403 172 26 UNIVERSITY
1807 403 34 24 OF
1857 403 151 29 KENTUCKY,
2030 402 166 27 LEXINGTON.

1652 434 119 23 COLLEGE
1791 435 32 21 OF
1842 434 148 23 PHARMACY.

1651 465 50 21 The
1722 465 81 21 first
1824 463 118 22 hundred
1961 469 84 19 years
2066 464 31 20 of
2117 464 47 20 the

1686 492 173 28 University
1877 493 32 20 of
1927 493 137 26 Kentucky
2082 492 116 27 College
2220 493 30 19 of

1687 521 150 27 Pharmacy,
1861 517 163 30 1870-1970.
2065 521 48 20 See
2131 520 116 27 WROBEL,
1687 550 115 22 SYLVIA.

1619 602 170 26 UNIVERSITY
1808 603 33 22 OF
1859 601 85 23 MAINE
1962 600 35 23 AT
2031 600 79 23 ORONO.

1654 634 118 22 Marsden
1791 634 118 25 Hartley
1930 632 31 21 in
1980 632 83 20 Maine
2088 627 128 31 (through

1690 663 47 21 the
1758 668 64 20 eyes
1843 662 32 20 of
1894 660 83 22 Katie
1997 661 85 25 Young
2101 660 30 20 of
2151 659 96 26 Corea,

1689 689 98 30 Maine)
1826 691 48 21 See
1893 689 83 27 AMES,
1997 688 148 22 SCRIBNER.

1612 749 173 24 UNIVERSITY
1802 750 34 20 OF
1853 747 150 28 MARYLAND,
2027 747 116 22 COLLEGE
2161 746 81 22 PARK.

1647 780 85 21 Media
1751 779 117 21 indexes
1890 779 47 20 and
1958 778 100 20 review
2079 780 128 18 sources.

1683 810 49 20 See
1751 808 150 26 CHISHOLM,
1922 807 139 21 MARGARET
2075 807 33 20 E.

1606 866 173 25 UNIVERSITY
1797 867 34 21 OF
1848 864 149 30 MARYLAND,
2021 864 117 23 COLLEGE
2157 863 81 24 PARK.

1640 897 52 23 ART
1710 897 132 23 GALLERY.

1642 928 135 27 Augustus
1796 928 120 22 Vincent
1933 928 82 26 Tack,
2038 920 165 33 1870-1949:

1678 958 169 28 twenty-six
1865 957 152 27 paintings
2040 956 67 22 from
2124 956 47 21 the

1678 989 133 26 Phillips
1833 987 182 23 collection.
2056 986 48 22 See
2123 986 149 26 PHILLIPS,

1677 1017 115 22 DUNCAN.

1611 1069 172 24 UNIVERSITY
1803 1070 32 20 OF
1851 1066 238 30 MASSACHUSETTS,
2112 1065 130 23 AMHERST.

1648 1099 119 22 STUDENT
1786 1099 114 21 SENATE.

1648 1131 50 19 How
1716 1129 33 20 to
1768 1133 32 20 go
1821 1127 118 26 through
1958 1127 47 19 the
2026 1124 170 27 University
2215 1124 32 20 of

1681 1157 221 22 Massachusetts
1924 1161 31 16 on
1975 1160 67 20 your
2062 1160 50 16 own
2128 1153 98 22 terms.

1683 1188 46 20 See
1750 1186 135 27 MOLLNER,
1906 1185 97 22 TERRY.

1624 1248 172 21 UNIVERSITY
1814 1246 33 21 OF
1866 1244 234 27 MASSACHUSETTS,
2123 1243 131 23 AMHERST.

1659 1276 171 21 UNIVERSITY
1849 1274 153 22 COMPUTING
2021 1273 114 22 CENTER.

1661 1303 129 26 Profile,
1816 1303 64 25 part
1901 1306 60 20 one;
1986 1302 83 21 Umass
2089 1299 99 21 user's
2209 1298 100 21 manual.

1694 1333 32 24 59
1748 1338 26 19 p.
1814 1331 79 26 Appl.
1918 1330 130 21 authors:
2072 1331 81 19 James
2174 1329 29 21 M.

1694 1362 118 21 Watkins
1833 1363 17 19 &
1866 1358 118 26 Douglas
2004 1360 27 19 E.
2055 1358 97 21 Weber.
2191 1357 20 20 ©
2226 1355 66 22 Five

1696 1389 147 27 Colleges,
1868 1390 77 22 Inc.;
1970 1386 113 26 3Aug72;
2107 1381 131 30 A360254.

1626 1439 173 25 UNIVERSITY
1817 1438 33 24 OF
1867 1435 221 27 MASSACHUSETTS
2108 1434 96 26 PRESS.

1662 1467 83 25 God's
1765 1471 82 24 plot:
1869 1470 48 19 the
1936 1468 154 26 paradoxes
2109 1467 31 20 of
2160 1466 118 21 Puritan

1696 1499 97 27 piety.
1835 1499 48 21 See
1903 1498 132 28 SHEPARD,
2058 1497 112 22 THOMAS.

1662 1532 49 22 The
1733 1531 152 27 sociology
1903 1531 49 20 and
1972 1529 203 26 anthropology
2195 1528 31 20 of

1696 1561 101 21 mental
1818 1560 130 21 illness.
1989 1560 49 21 See
2058 1559 113 26 DRIVER,
1698 1591 85 21 EDWIN
1799 1592 31 19 D.

1662 1616 137 27 Typology
1818 1617 47 21 and
1887 1616 84 26 early
1989 1616 136 22 American
1699 1616 546 52 literature.
1818 1646 48 21 See
1886 1646 184 27 BERCOVITCH,
2094 1645 113 28 SACVAN,
2230 1646 44 20 ed.

1613 1712 174 25 UNIVERSITY
1804 1713 33 21 OF
1854 1710 98 27 MIAMI,
1975 1709 86 23 CORAL
2077 1707 115 28 GABLES,
2214 1706 62 23 FLA.

1648 1744 49 21 The
1718 1743 83 21 Latin
1821 1741 134 22 American
1975 1739 135 26 military
2129 1743 30 15 as
2180 1742 15 16 a

1686 1771 253 27 socio-political
1959 1771 96 20 force:
2080 1772 63 16 case
2165 1767 114 20 studies

1685 1803 31 19 in
1737 1800 117 22 Bolivia
1873 1800 48 19 and
1942 1796 165 29 Argentina.
2146 1796 49 21 See

1685 1829 131 27 CORBETT,
1840 1828 118 22 CHARLES
1978 1828 26 19 D.

1653 1866 49 19 The
1723 1863 136 23 notation
1879 1863 32 20 of
1929 1861 151 23 harmonics
2102 1861 48 20 for
2170 1859 99 22 double

1689 1893 80 22 bass.
1811 1892 47 21 See
1879 1892 79 26 DREW,
1982 1889 96 22 LUCAS.

1655 1921 220 29 Participant's
1893 1921 104 21 manual
2015 1920 51 20 for
2085 1919 147 24 Cømpuman:

1691 1954 47 19 the
1759 1950 116 27 dynamic
1894 1949 171 26 management
2085 1945 134 22 decision

1688 1981 103 26 making
1810 1984 80 21 game.
1931 1978 48 21 See
2000 1976 113 27 CRAVEN,
2136 1974 49 22 JAY
2203 1974 29 21 A.

1628 2042 174 23 UNIVERSITY
1819 2041 34 22 OF
1869 2038 98 30 MIAMI,
1990 2038 86 23 CORAL
2092 2037 115 29 GABLES,
2228 2036 63 24 FLA.

1665 2072 103 22 CENTER
1785 2073 50 20 FOR
1854 2070 137 23 ADVANCED
2008 2068 221 24 INTERNATIONAL
1666 2101 130 23 STUDIES.

1665 2132 48 19 The
1734 2131 83 21 Latin
1837 2129 134 22 American
1991 2127 135 26 military
2144 2131 31 15 as
2196 2131 14 14 a

1700 2159 255 26 socio-political
1974 2159 97 20 force:
2095 2161 64 15 case

1702 2188 114 22 studies
1839 2188 30 20 in
1891 2186 115 22 Bolivia
2026 2185 48 20 and
2095 2184 163 26 Argentina.

1702 2217 47 20 See
1769 2217 132 25 CORBETT,
1924 2215 117 21 CHARLES
2062 2214 26 21 D.

1672 2250 116 22 Science
1808 2250 48 20 and
1877 2249 170 25 technology
2065 2253 32 16 as
2116 2253 31 14 an

1707 2278 167 22 instrument
1895 2278 31 20 of
1947 2277 99 22 Soviet
2065 2276 112 26 policy.
2220 2275 48 19 See

1705 2308 114 25 HARVEY,
1842 2307 67 20 MOSE
1927 2307 29 20 L.

1627 2362 172 25 UNIVERSITY
1816 2362 33 21 OF
1867 2361 84 21 MIAMI
1971 2360 95 21 PRESS.

1663 2395 47 19 The
1730 2392 101 23 Alfred
1851 2393 27 20 C.
1903 2391 148 25 Glassell,
1698 2388 561 60 Jr.—University
1784 2422 30 19 of
1833 2420 84 22 Miami
1936 2418 102 27 Argosy
2058 2416 168 27 expedition
2246 2416 30 19 to

1697 2450 131 21 Ecuador.
1869 2448 48 20 See
1938 2447 32 21 DE
1988 2445 98 27 SYLVA,
2108 2443 101 22 DONALD
2227 2444 29 20 P.

1673 2483 83 25 Cuba,
1776 2482 117 24 Castro,
1914 2481 49 19 and
1983 2479 182 21 revolution.
2203 2478 51 20 See

1708 2509 167 28 SUCHLICKI,
1898 2508 96 22 JAIME.

1675 2541 17 20 A
1710 2538 118 26 history
1848 2538 32 21 of
1900 2538 47 19 the
1968 2535 112 21 orchid.
2121 2535 48 21 See

1710 2567 149 28 REINIKKA,
1880 2566 87 21 MERLE
1983 2565 30 21 A.

1663 2600 206 26 Metropolitan
1886 2598 98 22 Miami.
2024 2598 48 20 See
2092 2595 97 27 JENNA,

1696 2629 123 22 WILLIAM
1834 2628 30 22 W.
1874 2643 8 11 ,
1905 2628 46 20 JR.

1675 2663 50 21 The
1744 2662 66 25 ripe
1829 2660 132 22 harvest:
1986 2658 150 27 educating
2153 2657 118 27 migrant

1711 2689 147 23 children.
1900 2689 48 20 See
1968 2686 131 28 CHEYNEY,
1708 2717 104 24 ARNOLD
1830 2717 46 27 B.,
1901 2718 42 20 ed.

1674 2749 49 20 The
1745 2748 81 20 sword
1848 2748 46 20 and
1916 2748 47 19 the
1985 2746 130 25 scepter:
2138 2746 47 19 the
1711 2745 560 52 problem
1779 2777 31 19 of
1829 2775 170 22 militarism
2019 2775 31 19 in
2069 2774 130 25 Germany.
2240 2773 47 20 See

1709 2806 116 26 RITTER,
1847 2804 131 23 GERHARD.

1678 2835 151 26 Synagogue
1848 2834 32 21 in
1900 2834 48 20 the
1969 2833 115 22 central
2106 2833 78 25 city:
2207 2830 100 28 Temple

1713 2863 97 21 Israel
1833 2863 30 20 of
1883 2861 116 22 Greater
2019 2861 98 27 Miami,
2139 2859 164 27 1922-1972.

1713 2891 47 22 See
1780 2889 114 29 TEEEAU,
1918 2887 134 25 CHARLTON
2070 2890 28 21 W.
