2363 3342
2128 112 54 22 1121

52 235 145 26 Analects.
240 239 47 21 See
307 240 114 28 VALERY,
444 242 79 23 PAUL.

55 283 48 20 The
124 281 47 20 art
192 280 33 20 of
243 280 48 20 the
311 281 148 24 possible.
500 282 48 20 See

89 309 131 27 REISMAN,
242 310 131 20 MICHAEL.

47 349 80 21 Attic
149 348 185 24 red-figured
352 354 98 16 vases.
491 349 46 20 See
559 349 131 27 ASHMEAD,

81 377 49 20 ANN
149 376 146 21 HARNWELL.

40 415 113 21 Blake's
174 415 219 22 illustrations
414 418 31 19 to
464 418 50 20 the
533 423 83 21 poems
637 421 32 19 of

71 445 79 24 Gray.
191 444 48 20 See
259 445 114 26 TAYLER,
398 447 92 20 IRENE.

53 488 115 22 Blake's
190 488 153 26 visionary
361 489 82 21 forms
464 490 147 22 dramatic.

87 517 47 21 See
155 517 114 26 ERDMAN,
291 517 85 21 DAVID
393 518 30 21 V.

53 564 27 19 C.
105 561 27 22 G.
155 562 78 24 Jung:
259 562 220 25 Psychological
87 563 511 48 reflections.

226 591 46 20 See
293 590 79 27 JUNG,
395 591 69 20 CARL
482 591 113 22 GUSTAV.

49 626 16 21 A
85 626 117 25 century
222 626 30 20 of
272 627 168 25 Portuguese
460 627 165 27 fertility.

84 655 48 21 See
152 655 97 26 BACCI,
271 655 119 21 MASSIMO
410 656 77 21 LIVI.

52 693 151 21 Communism
221 693 47 20 and
289 694 187 21 nationalism
495 696 32 19 in
547 695 95 23 India:

82 724 29 20 M.
133 723 29 20 N.
185 722 50 25 Roy
255 723 47 20 and
325 724 149 20 Comintern
493 724 115 26 policy,

85 751 162 25 1920-1939.
289 752 48 20 See
357 753 149 26 HAITHCOX,
529 753 67 21 JOHN
83 780 130 22 PATRICK.

48 816 84 20 Defoe
150 816 17 19 &
187 816 163 26 casuistry.
392 818 48 20 See
461 818 96 27 STARR,
580 819 28 20 G.
631 819 28 22 A.

47 862 48 20 The
116 860 99 21 divine
237 861 112 25 comedy.
390 861 49 21 See
457 863 86 20 DANTE
81 890 166 22 ALIGHIERI.

49 926 83 24 Doing
149 924 16 20 &
186 923 164 25 deserving:
375 929 99 20 essays
496 924 31 20 in
548 924 48 20 the

85 954 99 25 theory
204 954 32 19 of
256 952 249 26 responsibility.
547 953 49 21 See

83 982 149 27 FEINBERG,
255 982 80 21 JOEL.

48 1021 134 21 Dramatic
204 1022 151 20 character
375 1022 33 21 in
426 1023 50 20 the
494 1023 121 26 English

85 1050 133 21 romantic
239 1055 61 20 age.
341 1051 48 20 See
410 1052 131 26 DONOHUE,
82 1080 102 20 JOSEPH
201 1080 48 25 W.,
273 1080 44 20 JR.

46 1120 134 21 Flaubert
201 1120 16 19 &
236 1120 96 25 Joyce,
356 1121 48 18 the
425 1121 65 19 rite
511 1121 31 20 of

82 1150 130 20 fiction.
254 1150 48 20 See
323 1150 95 26 CROSS,
440 1149 118 21 RICHARD
577 1150 29 20 K.

46 1179 83 21 Flies
149 1179 49 19 and
217 1178 130 20 disease.
389 1180 49 20 See
457 1179 166 27 GREENBERG,
80 1209 131 22 BERNARD.

42 1242 118 21 Freedom
179 1242 32 20 of
228 1242 67 20 mind
317 1243 47 21 and
384 1245 84 20 other
488 1249 113 22 essays.
642 1247 49 21 See

75 1271 166 28 HAMPSHIRE,
264 1272 114 22 STUART.

46 1307 49 20 The
115 1306 101 20 future
235 1306 33 19 of
286 1306 49 20 law
355 1306 31 20 in
406 1312 16 14 a
438 1306 223 21 multicultural

80 1335 95 21 world.
217 1336 49 19 See
287 1336 130 26 BOZEMAN,
439 1337 67 20 ADDA
526 1337 29 20 B.

48 1377 48 20 The
118 1375 98 20 future
239 1374 30 19 of
291 1374 45 20 the
359 1372 220 21 international
600 1372 82 24 legal

84 1405 95 19 order.
220 1404 48 20 See
288 1403 79 25 FALK,
391 1403 120 20 RICHARD
528 1402 29 21 A.

44 1450 50 20 The
113 1449 103 25 growth
234 1449 33 19 of
282 1448 85 21 world
388 1448 62 21 law.
491 1449 49 20 See

81 1478 131 26 CORBETT,
234 1478 85 20 PERCY
337 1478 28 21 E.

49 1513 169 26 Hermogenes
239 1513 49 19 and
309 1512 47 21 the
376 1513 199 20 Renaissance.
618 1513 48 19 See

84 1542 166 27 PATTERSON,
272 1542 120 21 ANNABEL
407 1542 30 21 M.

50 1585 48 20 The
121 1583 150 26 highlands
292 1583 31 20 of
343 1582 130 24 Phrygia:
498 1580 81 21 sites
600 1579 50 20 and

84 1612 166 21 monuments.
292 1611 44 21 See
361 1611 132 25 HASPELS,
515 1611 27 20 C.
567 1610 27 19 H.
84 1642 116 21 EMILIE.

47 1678 288 23 Industrialization
352 1678 118 20 without
491 1675 136 21 national

79 1709 131 26 patents.
253 1708 48 20 See
322 1707 113 26 SCHIFF,
457 1707 80 20 ERIC.

45 1750 135 22 Interest
199 1753 99 20 groups
321 1748 30 20 in
370 1747 100 20 Soviet
490 1744 149 27 politics.

79 1781 48 20 See
148 1778 148 26 SKILLING,
320 1778 27 20 H.
370 1776 115 21 GORDON.

46 1817 48 20 The
116 1816 83 20 later
218 1818 83 21 years
322 1813 31 21 of
374 1811 216 26 childbearing.

81 1846 48 20 See
149 1843 132 26 BUMPASS,
306 1843 83 20 LARRY
408 1842 27 20 L.

50 1880 138 21 Medieval
208 1881 167 21 statecraft
394 1883 51 19 and
464 1883 49 20 the
87 1887 564 43 perspectives

190 1910 33 19 of
241 1910 130 26 history.
413 1911 48 20 See
482 1911 132 27 STRAYER,
85 1939 102 20 JOSEPH
207 1939 28 20 R.

50 1976 164 23 Occasions.
257 1976 47 20 See
323 1975 115 25 VALERY,
462 1974 78 20 PAUL.

55 2020 45 20 The
124 2020 99 23 papers
243 2014 32 20 of
293 2012 120 21 Woodrow
430 2009 116 21 Wilson.
587 2005 47 19 See

88 2045 117 25 WILSON,
225 2041 131 22 WOODROW.

51 2081 151 23 Political
223 2077 167 25 leadership
411 2076 48 20 and
481 2072 168 23 collective

85 2112 96 27 goods.
222 2111 50 19 See
289 2108 152 24 FROHLICH,
461 2104 116 22 NORMAN.

48 2147 133 21 Politics
202 2146 33 20 of
255 2145 81 21 trade
356 2141 204 28 negotiations
84 2142 528 54 between

186 2174 99 20 Africa
306 2173 48 20 and
376 2173 46 20 the
442 2172 137 24 European
82 2203 134 22 Economic

238 2202 165 25 Community:
428 2201 46 20 the
493 2199 69 21 weak
84 2232 134 22 confront
239 2232 47 19 the
308 2231 113 24 strong.

461 2230 48 20 See
531 2227 131 26 ZARTMAN,
83 2263 29 20 I.
134 2260 133 22 WILLIAM.

49 2298 135 22 Problems
204 2299 34 19 in
255 2298 147 26 analysis.
443 2300 50 19 See
512 2298 133 26 GUNNING,
84 2328 102 21 ROBERT
205 2328 45 25 C.,
275 2328 43 20 ed.

48 2367 199 25 Proceedings.
289 2367 48 19 See
356 2366 152 20 PRINCETON
528 2363 155 22 SYMPOSIUM

83 2398 32 19 ON
134 2395 205 21 MATHEMATICAL
356 2393 200 22 PROGRAMMING,
581 2387 78 28 1967.

53 2434 117 21 Romance
191 2434 47 19 and
261 2434 128 20 realism.
431 2435 49 19 See
501 2433 148 27 CAUDWELL,
88 2462 199 23 CHRISTOPHER.

48 2499 47 21 The
117 2503 117 16 romance
254 2498 32 20 of
307 2497 47 21 the
374 2502 79 16 rose.
495 2498 48 19 See

82 2528 114 27 LORRIS,
218 2528 155 21 GUILLAUME
392 2529 45 19 DE.

51 2561 170 21 Savonarola
240 2561 49 20 and
308 2562 148 19 Florence.
498 2561 48 19 See

83 2590 169 28 WEINSTEIN,
273 2590 115 20 DONALD.

49 2627 150 29 Shelley's
221 2628 96 20 Cenci:
341 2626 150 24 scorpions
512 2620 100 27 ringed

82 2660 68 20 with
169 2659 79 19 fire.
290 2657 47 19 See
359 2654 114 25 CURRAN,
496 2650 113 22 STUART.

49 2696 82 25 Ships
151 2695 50 19 and
222 2694 166 26 seamanship
426 2700 16 14 in
462 2694 48 20 the
530 2691 118 22 ancient

83 2724 97 20 world.
221 2723 49 21 See
290 2722 114 26 CASSON,
427 2722 114 20 LIONEL.

53 2760 134 26 Singular
207 2760 150 25 integrals
380 2760 48 19 and
86 2756 548 59 differentiability

206 2788 169 26 properties
397 2788 32 20 of
449 2786 165 21 functions.

88 2817 48 22 See
157 2817 96 25 STEIN,
277 2816 82 21 ELIAS
378 2817 29 21 M.

48 2855 187 25 Sovereignty
254 2854 49 20 and
324 2859 30 13 an
375 2853 83 24 empty
476 2853 97 22 purse:
595 2846 85 21 banks

83 2886 48 19 and
149 2883 136 25 politics
307 2883 29 19 in
359 2882 45 18 the
426 2880 83 20 Civil
528 2878 63 21 War.

82 2914 50 21 See
150 2912 133 25 HAMMOND,
306 2910 79 22 BRAY.

799 236 99 24 Styles
920 237 31 19 in
971 235 149 20 fictional
1142 236 163 21 structure:
1329 237 47 19 the

834 265 47 19 art
902 265 32 20 of
953 265 65 21 Jane
1037 264 114 25 Austen,
1175 265 150 20 Charlotte

833 294 114 25 Bronte,
970 294 99 24 George
1089 294 96 20 Eliot.
1224 294 49 21 See

833 324 132 26 KROEBER,
988 324 77 21 KARL.

798 365 101 23 Syrian
919 363 166 21 Christians
1106 362 32 21 in
1156 362 101 21 Muslim
1278 361 128 26 society:

833 397 32 16 an
886 391 247 27 interpretation.
1175 391 47 21 See
1242 391 114 26 HADDAD,
831 422 103 20 ROBERT
952 421 29 21 M.

794 464 102 26 Theory
915 466 33 20 of
967 466 64 20 cost
1051 467 49 19 and
1118 467 171 24 production
830 469 542 45 functions.

967 494 46 21 See
1034 495 148 27 SHEPHARD,
1204 496 101 21 RONALD
1324 499 29 20 W.

800 533 15 20 A
836 533 101 25 theory
955 533 32 20 of
1006 534 181 24 perception.
1227 535 49 21 See
1296 536 130 26 PITCHER,

834 563 114 21 GEORGE.

797 600 103 26 Theory
919 602 31 19 of
971 601 197 25 suspensions.
1208 602 49 21 See
1274 603 100 27 KOMAR,

833 630 102 21 ARTHUR
954 631 27 20 J.

800 675 50 20 The
869 680 50 15 war
940 673 115 27 against
1073 673 115 25 poetry.
1229 673 48 20 See
1298 671 113 26 FRASER,

836 703 131 21 RUSSELL.

767 746 154 21 PRINCETON
938 743 183 23 UNIVERSITY.
1160 741 149 22 TRUSTEES.

802 775 187 26 Programming
1008 774 95 20 notes:
1127 773 68 19 PCAP
1212 773 14 23 3,
1282 772 47 20 See

836 805 150 25 WILLIAMS,
1007 803 101 20 THOMAS
1126 802 29 21 R.

762 868 169 21 PRINCIPLES
951 867 50 20 AND
1019 865 152 21 PRACTICES
1189 864 33 21 IN
1240 864 50 20 THE
1309 861 136 22 TEACHING

797 899 32 19 OF
848 898 50 20 THE
918 895 100 22 SOCIAL
1037 894 149 20 SCIENCES:
1209 892 133 21 CONCEPTS
1361 891 51 21 AND

794 927 118 20 VALUES.
953 925 94 20 Brown:
1073 922 83 21 level
1174 918 28 25 6.
1242 923 32 24 By
1294 921 66 20 Paul
1378 920 31 20 F.

798 954 165 25 Brandwein,
985 953 84 24 Nancy
1086 952 31 20 W.
1140 951 97 25 Bauer,
1259 949 102 21 Daniel
1380 948 28 21 J.

797 983 68 26 Daly
884 984 16 19 &
919 982 113 21 others.
1073 980 48 20 San
1140 978 165 25 Francisco,
1330 977 99 21 Center

798 1012 49 21 for
870 1012 45 20 the
936 1010 82 26 Study
1038 1009 32 20 of
1090 1007 199 22 Instruction.
1330 1006 14 20 1
1363 1010 29 15 v.

797 1041 82 25 Appl.
902 1039 130 21 authors:
1056 1038 134 20 Harcourt
1210 1038 82 18 Brace
799 1035 615 59 Jovanovich,

902 1069 80 24 Inc.,
1007 1066 133 25 employer
1160 1065 48 21 for
1227 1065 65 20 hire
1315 1064 31 19 of
1364 1063 85 25 Nancy
798 1099 31 19 W.

852 1099 86 18 Bauer
955 1097 16 19 &
990 1096 112 23 others;
1125 1096 16 18 &
1161 1094 66 20 Paul
1244 1094 30 19 F.
1297 1090 165 23 Brandwein.

800 1128 46 19 NM:
870 1127 96 24 p.T-2,
989 1120 62 29 T-6,
1075 1121 62 28 4-5,
1161 1120 218 23 introductions
1400 1120 16 19 &

804 1155 133 24 teaching
955 1152 135 22 material
1110 1150 203 25 accompanying
802 1152 614 52 reproduced

905 1187 97 21 pages.
1039 1181 19 21 ©
1074 1181 135 20 Harcourt
1230 1180 80 19 Brace
809 1178 624 68 Jovanovich,

910 1221 80 24 Inc.;
1011 1220 115 25 3Sep70;
1148 1220 133 24 A195372.

763 1275 170 20 PRINCIPLES
951 1275 51 21 AND
1020 1273 152 21 PRACTICES
1191 1274 32 20 IN
1242 1274 50 20 THE
796 1274 601 48 TEACHING

867 1303 32 19 OF
917 1303 50 20 THE
987 1302 101 20 SOCIAL
1106 1302 148 21 SCIENCES:
1278 1302 134 21 CONCEPTS
796 1330 51 21 AND

864 1331 117 21 VALUES.
1020 1331 113 25 Purple:
1158 1331 82 20 level
1260 1333 14 22 5.
1329 1332 31 25 By
797 1359 68 20 Paul
882 1360 30 20 F.

935 1359 165 26 Brandwein,
1122 1360 85 25 Nancy
1223 1359 32 21 W.
1278 1361 95 24 Bauer,
797 1388 101 20 Daniel
918 1389 28 19 J.
969 1388 66 26 Daly

1054 1389 16 18 &
1090 1389 112 19 others.
1243 1388 49 20 San
798 1388 629 54 Francisco,
868 1418 99 19 Center
987 1417 48 19 for
1057 1417 45 20 the

1123 1417 83 26 Study
1226 1418 31 19 of
800 1417 594 49 Instruction.
919 1446 15 20 1
954 1451 28 15 v.
1018 1446 83 24 Appl.
1124 1446 130 20 authors:

1276 1446 136 20 Harcourt
798 1475 82 19 Brace
901 1474 182 26 Jovanovich,
1107 1475 78 25 Inc.,
1210 1475 134 25 employer

1364 1474 49 21 for
797 1503 66 20 hire
885 1504 31 19 of
935 1503 83 26 Nancy
1035 1503 31 20 W.
1089 1504 84 19 Bauer
1192 1505 16 18 &
1227 1504 113 24 others;
1363 1504 16 19 &

798 1532 67 19 Paul
883 1532 30 20 F.
937 1532 163 21 Brandwein.
1139 1532 47 20 NM:
1210 1532 150 20 revisions
1380 1532 16 20 &
799 1565 48 14 new
870 1561 63 19 text

953 1560 33 20 in
1006 1560 149 20 teacher's
1174 1561 114 24 manual,
799 1560 596 49 introductions
953 1590 16 19 &
989 1588 47 20 all

1057 1589 135 24 teaching
1208 1589 136 20 material
801 1628 205 26 accompanying
1024 1629 167 25 reproduced

1213 1635 96 19 pages.
798 1658 19 19 ©
835 1658 135 19 Harcourt
989 1657 81 20 Brace
1091 1657 183 26 Jovanovich,
1297 1659 80 24 Inc.;

797 1685 118 26 3Sep70;
937 1682 132 28 A195366.

760 1730 169 20 PRINCIPLES
950 1730 33 20 OF
1001 1730 133 20 BUSINESS
1154 1730 15 18 &
1188 1729 153 21 ECONOMICS

796 1726 648 58 (Filmstrip)
933 1757 99 21 United
1051 1757 251 24 Transparencies.
1342 1753 31 28 85
1395 1756 62 25 fr.,

795 1787 97 25 color,
915 1788 31 23 35
965 1792 47 15 mm.
1056 1784 148 29 (Teaching
1224 1786 235 25 transparencies

795 1816 49 20 for
864 1816 135 20 overhead
1016 1813 184 29 projection)
1237 1814 20 20 ©
1273 1815 102 20 United

795 1844 250 26 Transparencies,
1070 1845 78 24 Inc.;
1173 1840 129 29 20Nov69;
1325 1842 119 25 A227019.

772 1885 131 28 PRINDLE,
926 1884 85 23 WEBER
1028 1883 17 21 &
1063 1884 131 28 SCHMIDT,
1218 1884 62 23 INC.

808 1915 80 20 Basic
911 1914 132 26 concepts
1065 1914 31 20 of
1116 1915 169 23 elementary
842 1913 580 52 mathematics.

962 1945 48 20 See
1030 1944 148 26 PETERSON,
1200 1945 68 20 JOHN
1285 1944 29 21 M.

806 1981 101 21 Linear
927 1978 198 22 mathematics.
1166 1978 48 20 See
1234 1977 131 25 GILLETT,
840 2010 115 21 PHILIP.

800 2036 206 21 Mathematical
1025 2036 116 21 circles
1163 2037 162 20 revisited.

838 2066 47 19 See
905 2065 81 26 EVES,
1007 2065 102 20 HOWARD
1128 2065 27 21 W.

799 2101 201 23 Mathematics:
1024 2096 202 23 fundamentals
1246 2096 49 20 for
834 2129 171 28 managerial

1023 2125 268 25 decision-making.
1332 2124 48 20 See
834 2161 135 25 KOVACIC,
989 2157 121 21 MICHAEL
1128 2157 27 20 L.

801 2204 85 21 Ruler
906 2204 49 19 and
976 2202 46 19 the
1043 2201 95 20 round.
1180 2202 48 20 See
1246 2200 184 26 KAZARINOFF,

836 2233 135 20 NICHOLAS
991 2232 28 20 D.

763 2302 131 25 PRINGLE,
917 2299 102 22 GRAHAM
1036 2299 46 25 F.,
1105 2297 45 21 ed.

798 2331 49 20 Ski
868 2329 118 25 country
1005 2327 81 25 guide
1106 2327 32 19 to
1157 2326 49 20 the
1225 2325 79 25 Alps.

834 2361 50 19 New
903 2357 79 26 York,
1006 2349 419 33 Pringle/Hayden/Alexander.

834 2389 47 23 127
902 2393 28 20 p.
970 2386 19 22 ©
1006 2386 101 20 Graham
1124 2385 27 20 P.
1177 2383 130 24 Pringle;

834 2417 132 24 30Oct70;
988 2409 130 28 A223183.

779 2472 130 23 PRINGLE,
933 2469 147 22 LAURENCE.

814 2502 31 18 In
864 2505 14 15 a
898 2499 102 20 beaver
1017 2497 113 24 valley:
1155 2496 49 19 how
1223 2495 118 19 beavers
1363 2492 98 25 change

848 2529 47 19 the
917 2526 78 22 land.
1035 2526 66 20 Text
1121 2527 16 19 &
1155 2524 100 24 photos.
1293 2524 32 22 by
847 2522 546 55 Laurence

953 2555 127 25 Pringle.
1121 2554 50 19 New
1190 2552 79 23 York,
1291 2551 84 20 World
1398 2548 60 21 Pub.
849 2587 43 19 Co.
934 2585 13 19 1
968 2588 28 17 v.

1039 2579 62 29 (The
1121 2581 188 23 Discovering
1328 2579 100 20 nature
849 2610 112 28 series)
1002 2613 18 19 ©
1037 2616 32 15 on

1090 2611 76 22 text;
1191 2610 134 19 Laurence
1348 2605 122 27 Pringle;
849 2639 130 27 16Nov70;
1003 2636 129 25 A206818.

1172 2639 20 20 ©
1209 2643 32 14 on
1260 2637 113 23 illus.;
848 2672 135 19 Laurence
1006 2669 126 24 Pringle;
1192 2666 95 24 16Nov70;
1311 2659 118 28 A206819.

768 2736 132 26 PRINGLE,
921 2736 122 23 WILLIAM
1058 2739 47 26 R.,
1128 2741 44 20 ed.

800 2764 17 20 A
855 2765 101 27 history
975 2766 33 20 of
1026 2767 48 21 the
1091 2769 119 21 Ancient
1227 2771 137 25 Accepted

837 2794 136 22 Scottish
990 2795 65 21 Rite
1092 2803 16 14 in
1127 2798 78 22 Ohio.
1247 2801 99 21 Issued

835 2823 84 20 under
940 2823 47 22 the
1007 2826 153 26 authority
1178 2829 32 19 of
1230 2829 47 20 the
1299 2830 65 20 Ohio

835 2852 119 21 Council
973 2853 32 21 of
1023 2855 215 23 Deliberation.
1281 2855 46 28 145
1349 2865 27 20 p.

833 2880 20 19 ©
870 2881 66 20 Ohio
956 2881 116 23 Council
1091 2885 33 19 of
1142 2886 216 22 Deliberation:

833 2909 115 26 7Jun71;
970 2908 131 29 A247298.

1531 242 84 23 PRINIT
1635 243 94 23 PRESS.

1548 274 31 20 We
1600 279 48 15 are
1669 274 82 25 going
1771 274 31 20 to
1821 273 48 25 get
1890 278 15 14 a
1924 278 49 14 new
1993 273 66 24 baby
2080 272 31 20 in
2130 277 50 16 our

1585 303 110 25 family.
1736 303 48 20 See
1805 302 130 26 SILVERS,
1958 302 67 20 RUTH
2044 302 28 20 A.

1521 341 134 21 PRINTING
1676 339 166 22 INDUSTRIES
1862 340 32 20 OF
1911 338 133 27 AMERICA,
2068 339 60 20 INC.

1555 369 512 55 Packaging in the seventies, a forecast study.
1811 400 48 20 See
1879 399 96 25 LOEWY,
1998 398 130 20 RAYMOND.

1537 441 268 25 Perspective—the
1827 441 97 20 future
1946 441 32 20 of
1997 441 47 20 the
1571 440 561 51 manifold
1658 471 130 20 business

1810 470 81 20 forms
1913 470 147 24 industry.
2100 470 47 20 See
1571 500 220 21 INTERNATIONAL
1809 499 134 21 BUSINESS
1963 499 83 20 FORMS

1571 530 181 20 INDUSTRIES.

1549 563 49 20 The
1617 563 101 25 primer
1738 564 48 20 for
1806 565 134 25 computer
1960 565 198 25 composition.

1585 592 47 19 See
1653 592 129 27 SEYBOLD,
1804 591 69 22 JOHN
1890 593 28 20 W.

1550 625 169 21 Production
1739 626 99 25 report
1857 631 33 16 on
1909 627 117 25 cutting
2045 628 131 21 methods.

1584 654 49 20 See
1653 655 78 25 HILL,
1754 654 102 22 EDWARD
1873 656 47 25 W.,
1942 656 45 20 JR.

1523 700 102 19 PRINTING
1660 698 135 20 RESEARCH
1815 695 180 24 INSTITUTES,
1541 694 562 54 INTERNATIONAL

1694 725 169 22 CONFERENCE
1883 725 44 19 OF.
1968 724 48 20 See
1541 722 580 55 INTERNATIONAL
1694 754 169 22 CONFERENCE

1883 754 32 19 OF
1934 752 135 20 PRINTING
1541 786 136 20 RESEARCH
1696 783 181 26 INSTITUTES,
1901 782 78 25 10TH,
2002 781 98 24 KREMS,

1540 814 132 25 AUSTRIA,
1696 809 77 28 1969.

1523 880 135 22 PRINTING
1678 878 99 21 TRADES
1797 876 66 22 BLUE
1882 875 79 20 BOOK.
2001 870 206 26 Metropolitan

1559 911 62 25 ed.,
1645 909 77 25 1971;
1746 906 117 22 Greater
1882 905 52 20 New
1950 903 68 21 York
2038 902 47 20 and
2105 902 52 19 New

1559 940 113 23 Jersey.
1711 938 52 19 New
1780 935 80 26 York,
1882 934 29 21 A.
1935 933 27 21 F.
1987 931 96 21 Lewis.
2125 930 14 19 1
2157 934 28 15 v.

1557 969 19 20 ©
1592 968 29 20 A.
1644 967 29 21 F.
1696 966 82 20 Lewis
1798 964 16 21 &
1833 963 44 21 Co.
1901 963 32 19 of
1951 962 52 19 New
2020 959 81 25 York,
2125 959 79 23 Inc.;

1562 996 129 25 27Apr71;
1712 989 132 29 A236232.

1518 1050 98 27 PRIOR,
1638 1049 85 22 FRANK
1762 1065 7 7 O.

1553 1077 565 27 Oral history interview with Frank O.
1588 1109 95 20 Prior.
1726 1109 46 20 See
1792 1107 98 27 HENLE,
1913 1107 131 20 RAYMOND.

1500 1145 135 22 PRIORITY
1655 1145 48 22 ONE
1723 1145 31 21 OF
1773 1144 118 23 GREATER
1910 1144 148 26 SYRACUSE,
2083 1144 60 22 INC.

1534 1176 133 24 Proposal
1688 1176 47 19 for
1755 1179 134 21 progress
1910 1174 32 20 in
1962 1175 134 24 reducing
1567 1179 599 50 community

1687 1204 133 20 tensions
1841 1204 33 24 by
1893 1203 151 25 improving
1568 1203 580 54 intracommunity
1740 1232 163 21 relations.

1944 1230 48 21 See
2014 1231 135 20 PRIORITY
1568 1260 48 21 ONE
1637 1260 33 21 OF
1686 1261 119 20 GREATER
1824 1259 148 26 SYRACUSE,
1996 1260 61 20 INC.

1566 1260 583 49 COMMUNITY
1687 1289 99 20 ISSUES
1806 1289 17 19 &
1842 1287 167 21 PRIORITIES
2029 1287 165 20 COMMITTEE.

1508 1344 138 21 PRIORITY
1665 1344 47 21 ONE
1732 1345 33 20 OF
1783 1344 119 21 GREATER
1921 1343 148 27 SYRACUSE,
2093 1344 61 20 INC.

1543 1372 153 21 COMMUNITY
1715 1372 100 21 ISSUES
1834 1372 16 20 &
1868 1372 170 21 PRIORITIES
1543 1372 566 50 COMMITTEE.

1543 1430 135 25 Proposal
1698 1431 48 19 for
1764 1434 135 21 progress
1921 1430 31 19 in
1972 1429 136 26 reducing

1579 1459 152 25 community
1751 1459 133 20 tensions
1903 1459 34 24 by
1956 1458 153 25 improving

1581 1486 253 26 intra-community
1854 1487 163 20 relations.
1578 1488 529 52 Prepared

1681 1517 33 24 by
1733 1517 67 24 Mary
1819 1516 49 20 Lou
1887 1516 113 24 Koenig.
2041 1517 14 22 7
2097 1529 6 6 l.
1576 1544 20 20 ©
1613 1545 135 25 Priority
1768 1545 47 21 One

1837 1545 32 19 of
1888 1545 117 20 Greater
2026 1545 147 24 Syracuse,
1581 1575 78 24 Inc.;
1683 1572 130 27 23Sep70;
1836 1573 129 24 A219994.

1511 1623 149 26 PRIOURET,
1682 1624 94 19 ROGER.

1545 1653 49 19 Les
1616 1657 131 19 managers
1766 1653 167 23 europeens.
1978 1646 108 28 [Paris]
1580 1680 111 21 Denoel.
1734 1677 47 27 413

1584 1675 523 60 p. (Collection Du defi) © Editions Denoel;
2024 1705 120 26 30Sep70;
1649 1734 96 28 AF0-64296.

1509 1791 86 20 PRISM
1612 1791 199 25 PRODUCTIONS,
1835 1790 61 21 INC.

1544 1820 100 20 Secret
1665 1821 30 19 in
1717 1820 47 20 the
1781 1818 85 21 white
1887 1817 77 20 cell.
2007 1817 47 19 See

1578 1848 130 25 HERBERT,
1731 1848 62 20 DON.

1517 1910 137 21 PRISONER
1673 1909 146 26 NO.33321.
1862 1909 47 20 See

1553 1938 115 27 BARNES,
1689 1939 102 20 ROBERT
1810 1938 78 21 EARL.

1497 1999 166 24 PRITCHARD,
1685 1998 68 19 ALAN
1773 1998 27 20 S.

1531 2028 49 19 The
1600 2026 222 22 Pritchard-Fox
1840 2025 117 24 phoneme
1978 2024 136 24 auditory

1567 2056 235 20 discrimination
1824 2054 95 24 tests;
1943 2053 65 21 test
2031 2053 78 24 four,

1567 2085 81 21 forms
1669 2086 16 19 A
1704 2085 47 20 and
1771 2086 29 24 B,
1821 2083 116 20 manual.
1976 2083 34 25 By
2028 2083 67 19 Alan
2117 2083 27 19 S.

1565 2114 151 21 Pritchard
1736 2114 15 18 &
1771 2112 120 21 Barbara
1909 2112 28 20 S.
1959 2111 65 21 Fox.
2063 2111 132 25 Buffalo,

1565 2143 86 25 Alpha
1669 2140 186 22 Educational
1875 2140 183 20 Associates.
2095 2139 15 24 7
2133 2145 14 19 p.

1565 2171 80 26 Appl.
1671 2172 97 20 states
1789 2169 49 21 all
1857 2174 51 15 new
1927 2169 100 24 except
2048 2169 82 20 chart
2151 2173 31 15 on

1564 2205 65 20 p.1.
1666 2199 19 20 ©
1702 2200 86 25 Alpha
1806 2197 188 22 Educational
2012 2197 183 25 Associates;

1563 2229 117 25 3Dec70;
1702 2223 132 29 A205453.

1510 2289 167 25 PRITCHARD,
1699 2288 131 21 ANTHONY.

1546 2318 186 25 Competition
1751 2321 66 16 cars
1839 2316 31 19 of
1888 2316 114 23 Europe.
2044 2314 113 24 London,

1580 2348 27 20 R.
1631 2346 79 21 Hale.
1752 2342 49 25 208
1820 2350 27 20 p.
1887 2345 20 19 ©
1924 2343 119 25 Anthony

1580 2376 164 24 Pritchard;
1769 2373 130 26 29Apr70;
1924 2369 131 27 AF32492.

1503 2428 167 26 PRITCHARD,
1693 2429 28 20 C.
1742 2428 31 21 A.

1539 2456 84 20 Total
1643 2455 186 26 reliability
1848 2455 33 20 of
1901 2455 47 20 the
1969 2456 83 20 Reach
2074 2456 111 24 System,

1572 2484 33 25 by
1626 2486 27 20 C.
1676 2486 27 20 A.
1728 2484 152 22 Pritchard
1898 2485 17 18 &
1933 2485 28 19 R.
1986 2486 27 18 P.
2037 2485 131 19 Tribble.
1574 2513 13 19 1
1606 2518 29 16 v.

1675 2512 17 21 ©
1709 2513 136 21 National
1864 2514 68 19 Data
1950 2512 251 26 Communications,
1573 2542 80 25 Inc.;
1676 2543 131 25 23Apr71;
1828 2537 133 29 A245896.

1508 2600 166 27 PRITCHARD,
1696 2598 135 22 CLAUDIUS
1851 2597 114 25 HORNBY,
1989 2596 44 20 JR.

1542 2628 118 21 Colonel
1679 2628 28 20 D.
1729 2626 85 26 Wyatt
1834 2625 97 23 Aiken,
1955 2618 164 28 1828-1887,

1578 2657 82 21 South
1681 2655 166 22 Carolina’s
1868 2652 134 21 militant
2023 2651 148 25 agrarian.

1579 2679 609 32 191 p. © Claudius Hornby Pritchard,
1578 2716 62 24 Jr.;
1665 2714 129 24 23Oct70;
1816 2706 132 29 A215088.

1501 2785 168 24 PRITCHARD,
1691 2782 101 21 SANDRA
1811 2781 26 20 F.

1537 2812 169 21 Presurmark
1726 2810 152 21 classroom
1898 2806 162 26 equipment.
2103 2805 13 18 1
2136 2810 27 14 v.

1572 2841 78 25 Appl.
1676 2840 112 20 author:
1811 2835 170 26 Kaumagraph
2000 2836 62 23 Co.,
2087 2835 59 18 Inc.

1569 2870 19 19 ©
1606 2868 168 25 Kaumagraph
1795 2866 62 24 Co.,
1880 2865 79 23 Inc.;
1999 2863 98 24 1Apr71;
1572 2893 129 28 A234804.
