2363 3342
148 138 44 25 704

147 258 98 27 IRVIN,
266 260 29 20 D.
318 261 27 20 G.

180 288 65 21 This
267 290 29 19 is
317 290 199 21 electronics.
555 291 48 21 See
623 293 100 26 BURKE,
743 294 30 21 W.
795 294 28 21 E.

166 351 94 26 IRVIN,
283 351 103 21 DANIEL
403 351 28 21 W.

201 380 82 20 Power
304 380 63 19 tool
386 379 199 20 maintenance.
626 380 50 20 New
695 380 79 23 York,

233 409 197 20 McGraw-Hill.
473 408 48 24 291
542 413 25 19 p.
607 408 20 19 ©
233 408 528 55 McGraw-Hill,
337 437 78 25 Inc.;

543 437 26 24 13Jan71;
591 436 132 24 A231721.

137 490 96 27 IRVIN,
257 493 80 21 ERIC.

172 519 115 22 Theatre
308 526 81 16 comes
412 522 31 20 to
461 523 164 22 Australia.
668 526 43 20 St.
737 526 81 20 Lucia

210 548 176 28 [Australia]
410 551 169 26 University
599 554 30 19 of
205 553 544 46 Queensland
295 579 94 20 Press.

427 577 49 23 260
494 586 29 19 p.
561 581 20 20 ©
598 582 170 26 University
788 583 30 21 of
205 606 165 25 Queensland
393 609 96 26 Press;

513 609 130 28 22Mar71;
735 608 96 29 AF0-65433.

134 657 97 28 IRVIN,
252 661 81 21 FRED.

166 687 67 23 Goal
252 691 33 19 to
305 696 43 19 go.
389 691 48 22 See
459 693 130 27 NEIGOFF,
610 697 81 20 MIKE.

139 743 113 28 IRVINE,
275 744 99 22 THOMAS
394 745 46 27 F.,
462 746 45 22 JR.
550 746 46 21 See

171 772 136 23 ADVANCES
326 775 32 20 IN
376 775 67 20 HEAT
462 776 148 23 TRANSFER.

136 828 114 28 IRVING,
273 831 82 21 JAMES
374 832 114 22 GORDON.

169 858 47 21 The
238 860 99 21 Golden
358 862 81 24 stamp
461 862 64 20 book
546 864 31 19 of
597 864 113 26 snakes,

203 888 130 26 turtles,
355 890 49 20 and
425 891 129 21 lizards.
595 893 47 20 See
663 895 98 26 SMITH,

203 918 100 22 HOBART
320 921 28 19 M.

175 946 117 21 Mammals
314 948 30 19 of
364 948 81 20 Grand
466 949 112 24 Canyon.
621 952 47 19 See

209 976 200 26 HOFFMEISTER,
431 977 102 20 DONALD
551 979 27 20 F.

148 1037 99 24 IRVING
266 1039 85 22 TRUST
369 1040 63 28 CO.,
453 1041 52 21 NEW
520 1041 81 23 YORK.

178 1066 36 21 An
234 1069 201 21 introduction
454 1070 32 20 to
504 1071 148 25 Leasepro:
677 1074 135 24 computer

215 1098 133 19 assisted
370 1094 234 34 lease/purchase
625 1101 147 25 analysis.

214 1126 48 19 See
286 1126 98 21 IRVING
402 1127 85 20 TRUST
506 1128 61 26 CO.,
591 1129 49 20 NEW
657 1130 80 20 YORK.

214 1154 152 21 CORPORATE
384 1155 154 21 FINANCIAL
556 1157 170 22 COUNSELING
744 1160 79 20 DEPT.

162 1185 49 21 The
232 1186 118 25 listing
370 1187 145 21 decision.
558 1184 28 23 14
608 1194 28 20 p.
676 1189 19 19 ©
711 1190 102 24 Irving

197 1214 83 21 Trust
302 1216 60 25 Co.;
385 1216 132 25 15Apr71;
539 1213 131 29 A233078.

141 1291 99 20 IRVING
259 1292 84 20 TRUST
361 1291 62 26 CO.,
447 1292 49 20 NEW
514 1291 79 20 YORK.
634 1292 152 20 CORPORATE

173 1319 154 20 FINANCIAL
343 1319 170 21 COUNSELING
531 1320 81 21 DEPT.

172 1348 33 18 An
226 1348 201 20 introduction
447 1349 32 19 to
498 1348 146 26 Leasepro:
669 1350 135 24 computer

208 1377 133 20 assisted
362 1372 235 30 lease/purchase
618 1377 148 26 analysis.

205 1404 15 24 7
263 1420 7 6 l.
307 1405 19 19 ©
345 1405 100 26 Irving
463 1406 83 20 Trust
566 1406 61 25 Co.;
653 1406 129 25 10Mar71;
206 1428 132 30 A226358.

132 1498 115 27 IRVING,
268 1498 184 22 WASHINGTON.

167 1527 135 21 Journals
323 1529 48 19 and
390 1527 165 20 notebooks.
594 1526 99 22 Vol.3:
202 1521 595 60 1819-1827.

322 1557 100 19 Edited
441 1556 33 25 by
492 1555 103 20 Walter
612 1557 29 20 A.
664 1555 148 21 Reichart.
200 1585 134 26 Madison,

355 1584 171 25 University
546 1584 31 20 of
595 1582 153 23 Wisconsin
203 1614 95 21 Press.
338 1613 50 25 791
407 1619 28 20 p.

481 1610 61 30 (The
563 1613 133 26 Complete
715 1613 84 20 works
203 1642 31 21 of
252 1643 171 25 Washington
442 1638 115 30 Irving)

596 1641 45 22 NM:
664 1642 98 25 p.vii,
202 1671 131 26 introd.,
356 1671 233 25 transcription,
613 1671 151 20 footnotes

784 1671 16 19 &
202 1699 96 21 index.
336 1699 20 21 ©
373 1700 117 25 Regents
511 1699 31 19 of
562 1699 48 20 the
629 1698 171 25 University

202 1728 31 21 of
252 1728 166 25 Wisconsin;
443 1727 129 26 29Apr70;
594 1722 132 30 A240199.

179 1761 119 22 Mahomet
319 1762 48 19 and
384 1760 50 21 his
457 1763 178 18 successors.
676 1757 100 22 Edited

216 1791 32 24 by
267 1792 83 23 Henry
369 1790 28 20 A.
421 1789 134 20 Pochmann
574 1789 17 19 &
608 1789 28 19 E.
660 1789 26 18 N.
214 1785 580 60 Feltskog.

317 1818 132 24 Madison,
472 1816 170 24 University
661 1816 30 20 of
219 1815 594 53 Wisconsin
286 1848 95 19 Press.

420 1842 49 27 651
490 1850 27 20 p.
562 1842 61 30 (The
645 1844 131 25 Complete
216 1876 83 19 works
321 1875 29 20 of
370 1873 169 25 Washington

559 1869 113 30 Irving)
712 1873 45 19 NM:
217 1904 129 23 editing.
384 1903 21 19 ©
422 1902 117 24 Regents
559 1901 32 20 of
612 1901 46 20 the

220 1900 561 58 University
304 1932 31 20 of
353 1931 165 24 Wisconsin;
542 1928 130 27 12Aug70;
697 1925 116 27 A243165.

134 1986 115 26 IRVING,
269 1985 184 22 WASHINGTON.
493 1985 48 20 See

170 2014 116 21 CASTLES
306 2015 32 20 IN
357 2014 96 21 SPAIN.

148 2092 112 25 IRVING,
283 2091 118 21 WILLIAM
420 2091 26 21 S.

182 2120 46 21 The
249 2121 81 19 value
351 2124 78 21 game;
454 2125 14 14 a
487 2119 118 26 project
626 2120 30 19 in
677 2120 48 20 art
745 2119 47 20 and

217 2148 99 21 social
336 2148 129 24 science,
487 2148 33 24 by
538 2148 119 20 William
676 2149 27 19 S.

216 2178 101 24 Irving
334 2178 15 20 &
369 2177 99 20 Thomas
488 2177 26 19 E.
540 2176 129 21 Linehan.
709 2177 101 19 Herder

214 2208 16 19 &
250 2206 112 21 Herder.
403 2201 32 25 28
453 2211 28 20 p.
519 2205 19 19 ©
556 2205 101 21 Herder
675 2207 16 19 &
709 2205 115 24 Herder,

218 2236 77 23 Inc.;
319 2233 128 26 29Jun70;
471 2229 130 28 A216334.

183 2265 46 20 The
251 2266 79 20 value
352 2272 64 18 game;
455 2267 115 19 student
590 2267 79 21 book.
710 2269 103 19 Herder

215 2295 16 19 &
249 2294 112 20 Herder.
403 2291 32 22 64
453 2299 28 20 p.
520 2295 20 19 ©
556 2294 102 21 Herder
676 2297 16 19 &
711 2296 113 23 Herder,

217 2322 77 24 Inc.;
318 2321 129 26 29Jun70;
471 2319 130 28 A216333.

158 2370 131 25 IRVINGS,
311 2370 68 20 MARK
397 2369 94 21 LEWIS.

193 2399 81 20 Focus
295 2403 32 15 on
346 2403 15 14 a
381 2397 98 20 social
498 2397 118 21 welfare
634 2397 115 25 policy:

227 2428 48 19 the
296 2427 63 19 flat
379 2426 82 24 grant
484 2426 30 19 in
532 2424 233 22 Massachusetts.

227 2452 47 28 154
316 2469 5 7 l.
359 2455 20 21 ©
395 2455 68 21 Mark
482 2456 26 19 L.
534 2455 129 24 Irvings;
704 2454 96 25 1Apr71;
226 2479 129 30 A233401.

127 2543 95 21 IRWIN.
263 2542 47 20 See
332 2540 96 25 IRWIN,
450 2538 67 21 NEEL
536 2536 113 22 STUART.

133 2585 97 25 IRWIN,
253 2586 27 20 J.
305 2586 27 20 R.

168 2612 81 21 Bible
271 2612 180 26 chronology.
489 2613 35 24 39
564 2627 7 7 l.
611 2614 80 24 Appl.

204 2642 96 19 states
324 2647 62 14 some
404 2641 136 21 material
560 2646 79 21 prev.
662 2643 63 24 pub.

203 2664 64 28 1941
287 2670 16 19 &
323 2666 76 28 1946.
437 2670 20 20 ©
474 2671 28 20 J.
526 2670 27 20 R.
579 2670 94 26 Irwin;

203 2697 129 27 24Mar71;
355 2694 130 28 A248575.

129 2749 97 26 IRWIN,
247 2750 101 20 LESLIE
364 2749 134 22 WILLIAM.

164 2779 80 20 Basic
267 2780 96 20 skills
385 2780 32 18 in
437 2779 97 24 sports
555 2779 49 21 for
623 2785 50 14 men
692 2780 48 19 and

195 2811 98 17 women.
335 2808 46 19 See
401 2807 183 25 ARMBRUSTER,
606 2808 85 19 DAVID
708 2808 98 24 ALLEN,
196 2836 46 21 SR.

175 2868 64 20 Test
260 2871 99 19 manual
381 2870 30 20 to
431 2875 151 21 accompany
602 2873 46 19 the
671 2872 83 21 fifth

208 2897 119 20 edition
346 2897 31 20 of
396 2898 82 20 Basic
500 2898 97 21 skills
619 2900 31 20 in
671 2900 97 25 sports

210 2925 47 19 for
276 2931 51 14 men
344 2927 49 19 and
412 2931 97 16 women.
550 2928 46 20 See
616 2929 185 26 ARMBRUSTER,

209 2953 85 21 DAVID
311 2955 96 21 ALLEN.

890 259 95 25 IRWIN,
1008 259 100 20 MANLEY
1127 258 30 21 R.

922 285 50 20 The
993 285 301 21 telecommunications
1317 284 146 24 industry;

959 313 184 26 integration
1161 317 46 17 vs.
1230 312 199 26 competition.

957 342 50 21 New
1026 343 79 24 York,
1129 343 117 23 Praeger
1266 341 181 21 Publishers.

958 371 47 24 223
1025 376 28 20 p.
1099 368 130 28 (Praeger
1249 369 116 25 special
1386 370 115 19 studies
1524 369 30 19 in

959 400 61 20 U.S.
1044 400 132 20 economic
1197 399 48 19 and
1267 398 98 20 social
1386 394 199 28 development)

954 428 20 20 ©
994 429 115 24 Praeger
1130 427 180 24 Publishers,
1335 427 78 25 Inc.;
1503 426 47 23 1Apr71;
957 452 131 29 A248790.

883 516 95 25 IRWIN,
1002 517 66 20 NEEL
1087 515 111 21 STUART.

917 545 64 19 Blue
1004 545 27 20 is
1052 545 48 20 the
1122 544 48 25 sky
1191 543 30 21 in
1239 544 114 18 Tucson.
1395 542 94 20 Sheet.

951 574 45 21 NM:
1018 573 169 21 additional
1242 572 59 20 illus.
1342 570 19 20 ©
1378 569 98 22 Stuart

952 602 80 22 Irwin
1057 600 46 30 (in
1121 601 114 21 notice:
1259 596 113 29 Irwin);
1397 597 129 26 12Apr70;
951 627 130 28 A210672.

885 699 84 20 IRWIN
989 697 131 31 (RICHARD
1137 697 49 30 D.)
1208 701 61 22 INC.

916 727 169 27 Accounting
1105 729 201 20 measurements
1327 729 47 19 for
1396 730 150 20 financial

952 757 128 25 reports,
1123 761 47 19 see
1189 759 113 26 VATTER,
1325 759 121 22 WILLIAM
1465 761 25 21 J.

925 788 136 27 Activity
1080 792 117 24 costing
1215 792 49 19 and
1285 793 201 26 input-output

960 818 179 26 accounting.
1181 821 48 21 See
1249 822 131 28 STAUBUS,
1403 825 101 20 GEORGE
1522 825 28 20 J.

914 852 116 27 Applied
1052 854 134 25 security
1206 854 146 25 analysis.
1394 856 47 19 See

948 883 153 21 INSTITUTE
1119 883 33 21 OF
1170 883 152 21 CHARTERED
1340 883 155 21 FINANCIAL

948 911 147 22 ANALYSTS.

921 942 147 27 Auditing:
1092 944 167 26 principles
1280 944 48 19 and
1348 943 183 26 procedures.

956 972 48 21 See
1023 972 115 27 HOLMES,
1159 972 103 21 ARTHUR
1279 972 29 21 W.

924 1007 116 26 Banking
1059 1008 116 21 markets
1195 1009 49 19 and
1264 1008 151 21 financial
959 1007 593 52 institutions.

1093 1038 49 21 See
1162 1038 79 27 GIES,
1263 1038 101 21 THOMAS
1384 1040 28 20 G.

921 1068 84 21 Basic
1025 1070 118 20 Fortran
1162 1070 34 21 IV
1213 1071 197 26 programming.
1452 1072 47 20 See
957 1098 78 26 FORD,
1057 1100 103 20 DONALD
1177 1100 28 20 H.

927 1131 83 21 Basic
1028 1133 166 23 marketing.
1235 1132 46 20 See
1302 1133 150 26 MCCARTHY,
961 1161 29 20 E.
1014 1162 111 20 JEROME.

916 1192 131 20 Business
1070 1194 183 20 information
1274 1196 168 25 processing

951 1221 127 24 systems.
1120 1222 47 20 See
1187 1223 131 25 ELLIOTT,
1341 1224 25 20 C.
1394 1225 127 21 ORVILLE.

921 1256 168 22 California
1109 1260 64 19 real
1194 1260 98 20 estate
1311 1261 183 26 principles.

954 1286 47 21 See
1021 1288 130 27 BERSTON,
1174 1289 85 21 HYMAN
1276 1290 131 21 MAXWELL.

918 1322 83 21 Cases
1020 1323 31 19 in
1071 1322 184 25 promotional
1278 1323 143 25 strategy.
1464 1324 46 20 See

951 1351 96 25 ENGEL,
1070 1352 84 20 JAMES
1173 1352 27 21 F.

917 1382 133 26 Computer
1071 1386 215 24 applications.
1326 1389 48 19 See
1394 1391 149 24 GONZALEZ,
951 1412 118 21 RICHARD
1087 1415 28 20 F.

922 1445 148 21 Economics
1092 1446 31 20 of
1143 1446 149 21 financial
1315 1447 201 22 institutions

956 1474 49 20 and
1022 1475 131 20 markets.
1196 1475 46 20 See
1263 1476 95 25 SMITH,
1382 1477 67 20 PAUL
1468 1478 28 20 F.

919 1509 134 21 Elements
1073 1511 32 19 of
1125 1511 98 20 income
1243 1512 266 21 tax—individual.

954 1538 49 20 See
1020 1540 131 24 SCHAFER,
1174 1540 85 20 GRANT
1278 1540 26 21 C.

921 1574 254 27 Entrepreneurial
1195 1575 132 25 activity
1349 1576 47 21 and
1418 1577 47 20 the

957 1604 183 26 development
1162 1605 31 18 of
1212 1605 118 21 Swedish
1350 1605 146 26 industry,

957 1630 163 27 1919-1939.
1160 1635 48 20 See
1227 1634 116 27 DAHMEN,
1365 1635 80 22 ERIK.

921 1666 152 27 Financing
1092 1669 133 21 business
1245 1670 96 21 firms.
1382 1673 48 20 See

956 1696 130 27 PRATHER,
1110 1699 115 20 CHARLES
1245 1700 27 20 L.

914 1731 201 21 Instructor's
1136 1731 81 26 guide
1238 1731 48 19 and
1307 1731 149 21 solutions

948 1761 98 20 manual
1068 1762 48 19 for
1136 1761 81 20 Basic
1238 1761 118 19 Fortran
1374 1760 34 21 IV
948 1763 596 53 programming.

1068 1791 48 19 See
1135 1790 81 26 FORD,
1238 1790 101 20 DONALD
1358 1790 29 21 H.

917 1823 199 20 Instructor's
1136 1823 100 20 manual
1258 1824 46 19 and
1326 1824 166 21 conference

950 1851 132 20 leader's
1104 1851 80 25 guide
1206 1851 51 21 for
1274 1856 49 15 use
1342 1852 65 21 with
1429 1854 47 19 the

951 1879 80 21 fifth
1053 1880 117 20 edition
1189 1880 31 19 of
1239 1881 169 25 Management
950 1880 561 54 training:

1036 1913 81 15 cases
1139 1909 45 19 and
1205 1908 182 27 principles.
1428 1911 47 19 See
950 1936 147 26 MCLARNEY,
1119 1937 120 20 WILLIAM
1258 1938 27 20 J.

916 1969 201 23 Instructor's
1134 1973 102 21 manual
1257 1974 49 20 for
1324 1975 219 22 International

948 2000 153 26 marketing
1118 2004 182 23 management.
1341 2005 48 20 See

948 2029 130 26 MIRACLE,
1103 2030 100 22 GORDON
1221 2032 26 20 E.

914 2061 199 21 Instructor's
1133 2063 100 20 manual
1254 2064 50 19 for
1321 2065 49 19 The
948 2065 541 46 production

1032 2091 134 20 function
1186 2091 31 20 in
1236 2092 147 27 business,
1407 2095 81 20 third
947 2118 129 22 edition.

1117 2119 47 20 See
1184 2120 98 27 TIMMS,
1304 2121 100 21 HOWARD
1425 2124 26 19 L.

923 2157 199 21 Instructor's
1142 2158 100 20 manual
1263 2158 31 20 to
1314 2163 153 22 accompany
955 2158 578 50 Promotional

1110 2187 147 26 strategy,
1280 2188 65 23 1971
1366 2188 116 21 revised
957 2215 130 22 edition.
1128 2217 47 19 See
1194 2216 98 25 ENGEL,
1315 2216 81 22 JAMES
1417 2219 28 20 F.

918 2247 199 22 Instructor's
1136 2247 102 21 manual
1258 2248 32 19 to
1309 2253 153 21 accompany

952 2276 81 21 Short
1054 2277 81 19 audit
1157 2281 77 20 case,
1259 2276 115 20 revised
1396 2278 129 24 edition,

953 2305 47 20 the
1018 2306 103 24 Valley
1140 2305 168 24 Publishing
1327 2306 129 25 Company.
1497 2307 48 19 See

953 2333 77 26 BARR,
1053 2334 51 20 BEN
1122 2335 27 19 B.

925 2367 201 22 Introduction
1146 2370 31 20 to
1198 2370 217 22 international
960 2375 577 44 economics.

1060 2399 48 20 See
1128 2398 113 27 SNIDER,
1264 2400 117 22 DELBERT
1399 2402 29 21 A.

920 2431 202 22 Introduction
1141 2433 31 20 to
1192 2432 101 20 linear
1310 2434 199 25 programming.

953 2461 49 20 See
1021 2462 147 25 STOCKTON,
1191 2462 28 21 R.
1242 2462 163 21 STANSBURY.

923 2495 200 22 Introduction
1143 2497 30 20 to
1193 2498 167 23 operations
957 2498 558 52 engineering.

1057 2526 48 19 See
1125 2525 112 26 GIFFIN,
1259 2526 103 20 WALTER
1381 2529 27 19 C.

917 2555 166 21 Investment
1101 2557 170 25 management
1292 2557 133 21 decision
1444 2560 114 23 making.

950 2584 49 21 See
1018 2585 152 21 INSTITUTE
1190 2585 31 20 OF
1240 2585 151 22 CHARTERED

950 2612 154 22 FINANCIAL
1121 2613 147 23 ANALYSTS.

909 2646 165 21 Investment
1094 2648 182 24 principles.
1317 2650 48 19 See
1385 2652 151 21 INSTITUTE

942 2674 33 20 OF
992 2675 151 21 CHARTERED
1162 2676 153 21 FINANCIAL
1333 2678 147 23 ANALYSTS.

914 2707 250 21 Macroeconomics:
1188 2708 214 27 fluctuations,
1426 2711 97 24 growth

950 2736 46 20 and
1017 2737 163 24 stability.
1221 2737 47 20 See
1290 2738 61 25 LEE,
1373 2738 119 21 MAURICE
1509 2740 30 20 W.

916 2767 135 26 Managing
1070 2770 235 24 computer-based
1326 2771 185 22 information

952 2796 126 25 systems.
1123 2797 45 21 See
1188 2798 130 26 DEARDEN,
1342 2799 78 23 JOHN.

919 2835 220 30 Manufacturing
1156 2841 103 26 policy
1277 2843 32 20 in
1328 2845 48 22 the
1395 2848 49 20 oil
954 2864 145 28 industry,

1123 2873 15 15 a
1157 2870 134 21 casebook
1310 2873 32 19 of
1359 2875 85 25 major
953 2880 559 35 production

1088 2896 146 24 problems.
1275 2899 48 21 See
1344 2901 96 24 CLARK,
952 2920 84 22 SIMON
1053 2923 29 21 G.

1680 248 219 27 Manufacturing
1919 250 100 25 policy
2040 251 29 20 in
2091 251 48 20 the
2160 251 82 22 steel

1713 277 147 26 industry,
1885 283 14 14 a
1920 279 133 20 casebook
2073 279 31 20 of
2123 280 84 26 major

1713 305 169 26 production
1901 306 148 26 problems.
2089 308 50 20 See
2158 308 131 27 SKINNER,

1712 333 132 24 WICKHAM.

1686 368 118 21 Memoirs
1826 370 29 20 of
1877 375 15 15 a
1910 371 136 20 handbook
2066 372 111 21 editor.
2219 375 48 20 See

1722 396 114 27 VANCIL,
1859 399 118 20 RICHARD
1996 399 27 21 F.

1692 434 66 19 Modern
1812 439 187 21 procurement
2017 441 184 26 management,

1728 441 564 49 principles
1849 466 45 19 and
1917 470 95 17 cases.
2053 468 47 19 See
2121 469 132 24 ENGLAND,

1724 492 104 22 WILBUR
1845 495 30 20 B.

1681 521 84 26 Money
1785 525 48 20 and
1854 525 129 26 banking.
2025 528 48 21 See
2093 530 114 25 FISHER,
1715 551 132 24 DOUGLAS.

1675 582 169 21 Motivation
1863 585 47 19 and
1932 585 117 19 control
2071 585 30 19 in
1710 586 510 47 organizations.

1880 612 49 21 See
1948 613 116 26 DALTON,
2086 614 66 20 GENE
2171 615 27 21 W.

1674 643 202 27 Organization
1895 647 50 20 for
1962 647 185 25 production:
2170 654 31 15 an
1706 648 599 47 introduction

1845 676 30 19 to
1896 676 167 20 industrial
2082 678 183 25 management.

1706 702 49 20 See
1774 704 114 26 ROSCOE,
1911 704 85 21 EDWIN
2015 705 96 21 SCOTT.

1672 738 237 26 Organizational
1930 742 99 24 change
2050 743 48 19 and
2118 743 199 27 development.

1707 767 48 19 See
1775 769 115 26 DALTON,
1912 770 67 20 GENE
1994 770 31 21 W.

1690 799 235 26 Organizational
1946 805 150 20 structure
2118 807 46 20 and
2186 808 112 26 design.

1722 828 47 20 See
1789 830 115 27 DALTON,
1928 832 67 21 GENE
2014 833 27 21 W.

1673 865 133 21 Personal
1828 867 164 25 investing.
2033 868 48 20 See
2099 869 133 28 WIDICUS,

1704 894 103 22 WILBUR
1824 896 47 24 W.,
1895 897 44 21 JR.

1679 926 149 22 Personnel
1848 929 239 21 administration
2107 931 32 24 by
2158 932 179 25 objectives.

1728 956 114 26 ODIORNE,
1864 957 103 22 GEORGE
1986 959 26 21 S.

1671 990 148 22 Personnel
1839 994 183 24 management.
2065 994 46 20 See
2132 995 114 26 JUCIUS,

1702 1019 121 22 MICHAEL
1840 1022 28 19 J.

1672 1050 184 21 Promotional
1878 1053 147 26 strategy.
2065 1054 48 20 See
2133 1055 98 28 ENGEL,
1705 1079 84 22 JAMES
1808 1082 28 20 F.

1676 1110 99 22 Public
1794 1111 133 25 policies
1949 1110 100 21 toward
2068 1110 148 22 business.
2258 1113 47 19 See

1708 1139 116 26 WILCOX,
1849 1141 94 20 CLAIR.

1675 1174 47 20 The
1741 1174 119 21 Russian
1880 1175 119 23 factory
2018 1174 32 19 in
2071 1174 46 19 the
2138 1174 67 24 19th
1709 1203 130 25 century.

1880 1203 49 21 See
1949 1202 286 27 TUGAN-BARANOVSKY,
1707 1230 121 23 MIKHAIL
1846 1232 28 20 I.

1673 1259 216 28 Salesmanship:
1911 1262 169 26 principles
2101 1264 47 19 and
2167 1266 132 19 methods.

1706 1289 48 20 See
1774 1290 148 27 PEDERSON,
1947 1291 117 21 CARLTON
2083 1292 27 21 A.

1675 1326 63 19 Sets
1759 1326 47 20 and
1828 1327 96 25 logic.
1965 1327 48 20 See
2034 1327 95 26 HANNA,
2155 1328 99 21 SAMUEL
2274 1329 27 21 C.

1670 1365 150 22 Solutions
1840 1367 101 20 manual
1961 1367 49 20 for
2031 1367 148 27 Auditing:
1703 1367 565 55 principles

1823 1397 49 19 and
1891 1397 184 24 procedures.
2115 1398 48 21 See
2183 1399 114 27 HOLMES,
1701 1424 104 23 ARTHUR
1824 1428 28 20 W.

1675 1459 149 21 Solutions
1843 1461 102 20 manual
1965 1461 49 20 for
2035 1462 65 20 Case
2120 1463 115 21 studies
2258 1465 30 20 of

1708 1488 132 21 business
1863 1490 66 20 data
1948 1491 170 25 processing
2137 1493 130 25 systems,

1708 1518 115 21 revised
1846 1520 130 20 edition.
2017 1521 48 19 See
2084 1521 80 27 WOHL,
2187 1523 113 21 GERALD.

1675 1553 149 22 Solutions
1845 1556 100 19 manual
1966 1555 49 20 for
2035 1556 81 20 Cobol
2138 1557 81 25 logic
2240 1559 47 19 and

1707 1583 200 25 programming.
1948 1585 48 19 See
2016 1584 166 27 MCCAMERON,
1708 1611 83 21 FRITZ
1809 1612 28 21 A.

1659 1643 149 21 Solutions
1828 1645 101 19 manual
1950 1644 49 21 for
2019 1645 132 19 elements
2172 1646 31 19 of

1693 1672 99 20 income
1812 1672 255 21 tax—individual
2103 1673 48 20 See

1691 1700 132 27 SCHAFER,
1845 1701 84 21 GRANT
1949 1702 27 20 C.

1671 1735 149 22 Solutions
1839 1739 100 20 manual
1962 1739 48 21 for
2029 1741 119 20 Fortran
2168 1744 44 20 IV.

1704 1764 46 19 See
1771 1765 166 28 MCCAMERON,
1959 1767 85 21 FRITZ
2062 1769 28 20 A.

1669 1800 149 22 Solutions
1838 1802 101 20 manual
1959 1802 49 20 for
2028 1803 203 21 Introduction
2250 1807 31 17 to

1702 1831 167 23 operations
1891 1831 197 25 engineering.
2129 1833 49 20 See

1700 1858 115 26 GIFFIN,
1838 1860 101 20 WALTER
1958 1860 27 20 C.

1673 1889 149 21 Solutions
1842 1892 99 19 manual
1964 1892 48 19 for
2031 1892 66 21 Work
2118 1893 113 26 design:

1706 1923 15 14 a
1742 1919 113 25 systems
1878 1920 130 25 concept,
2031 1922 117 20 revised
2170 1924 127 20 edition.

1706 1947 48 19 See
1775 1949 113 25 NADLER,
1911 1949 113 22 GERALD.

1671 1982 150 20 Teacher's
1841 1984 100 19 manual
1963 1983 31 19 to
2014 1988 151 21 accompany

1704 2011 136 25 Managing
1860 2012 134 24 computer
2011 2012 86 19 based
2116 2012 186 21 information

1705 2040 129 24 systems.
1876 2041 48 20 See
1943 2040 132 26 DEARDEN,
2098 2041 79 21 JOHN.

1664 2072 117 22 Welfare
1803 2075 46 20 and
1872 2075 197 26 competition.
2111 2078 47 21 See

1699 2102 164 28 SCITOVSKY,
1887 2105 97 21 TIBOR.

1636 2179 83 22 IRWIN
1741 2176 132 32 (RICHARD
1891 2178 48 31 D.)
1961 2183 63 21 INC.
2064 2183 48 20 See

1670 2210 82 19 INDEX
1772 2212 32 19 OF
1823 2211 135 21 ECONOMIC
1976 2211 136 21 ARTICLES
2133 2213 32 20 IN
2184 2212 134 22 JOURNALS

1701 2238 53 20 AND
1772 2240 170 20 COLLECTIVE
1959 2240 133 22 VOLUMES.

1630 2294 97 26 IRWIN,
1750 2295 51 21 ROY
1819 2296 61 21 JOE.

1666 2323 201 25 Geographical
1887 2324 165 24 variation,
2078 2325 197 26 systematics,
1699 2351 48 19 and

1767 2353 117 24 general
1903 2353 120 24 biology
2042 2353 32 19 of
2095 2353 80 20 shore
2196 2354 98 20 fishes
1699 2380 32 19 of
1751 2380 47 20 the

1819 2386 82 19 genus
1920 2381 218 25 Menticirrhus,
2162 2383 100 24 family
1700 2408 180 21 sciaenidae.
1920 2410 51 19 Ann

1988 2409 98 25 Arbor,
2108 2410 171 26 University
1696 2437 170 21 Microfilms
1886 2438 119 24 Library
2023 2438 134 21 Services

2181 2436 94 31 (8057)
1695 2465 166 22 Microfilm.
1907 2462 146 31 (Doctoral
2074 2467 203 21 dissertation

1698 2491 113 27 series)
1849 2495 19 20 ©
1885 2495 50 25 Roy
1954 2495 48 20 Joe
2023 2495 95 26 Irwin;
2141 2495 132 28 31Mar71;
1695 2517 132 30 A240506.

1622 2580 91 26 IRWIN,
1736 2581 113 22 STUART.
1890 2583 47 19 See
1959 2583 96 25 IRWIN,
2077 2583 68 20 NEEL
2163 2584 113 21 STUART.

1625 2636 95 25 IRWIN,
1744 2637 146 22 THEODORE.

1657 2664 50 20 How
1726 2665 31 19 to
1779 2671 62 20 cope
1863 2668 65 19 with
1950 2667 111 21 crises.
2104 2669 47 19 1st
2170 2670 45 21 ed.

1692 2689 32 24 28
1743 2699 27 17 p.
1816 2692 111 30 (Public
1949 2696 115 20 affairs
2086 2698 146 25 pamphlet,
1690 2716 115 33 no.464)

1844 2723 19 20 ©
1881 2725 97 18 Public
2000 2724 115 21 Affairs
1692 2750 163 27 Committee,
1880 2753 77 24 Inc.;
2104 2759 8 19 18Jun71;

2139 2755 125 25 4250073.

1622 2796 93 27 ISAAC,
1740 2799 128 24 STEPHEN.

1652 2826 137 23 Handbook
1807 2830 32 20 in
1858 2833 136 20 research
2012 2835 49 19 and
2081 2836 180 29 evaluation,

1686 2854 32 25 by
1738 2855 116 28 Stephen
1875 2860 81 21 Isaac
1977 2861 31 21 in
2029 2863 218 25 collaboration

1685 2884 66 19 with
1769 2886 120 22 William
1908 2889 26 21 B.
1958 2890 130 22 Michael.
2130 2893 48 22 1st
2198 2897 31 19 ed

1686 2911 47 20 San
1752 2913 96 27 Diego,
1873 2916 113 27 Calif.,
2008 2919 27 21 R.
2081 2935 7 6 R.
2111 2921 96 27 Knapp.

1854 2944 420 35 186 p. © Robert R. 27Jan71; A242653
