2363 3342
2175 83 45 27 875

54 224 201 22 Introduction
276 225 32 19 to
327 224 165 22 nutrition.
534 225 47 19 See

87 253 97 26 FLECK,
208 252 165 22 HENRIETTA.

54 291 32 21 An
106 290 203 21 introduction
329 290 31 21 to
379 289 239 23 transformation

88 323 131 21 grammar.
259 319 48 20 See
328 319 97 28 GEIST,
448 320 102 20 ROBERT
569 320 28 21 J.

66 363 202 26 Introductory
285 363 165 26 marketing.
492 364 49 20 See
561 363 115 28 SMYKAY,
97 393 103 20 EDWARD
216 392 30 20 W.

63 425 67 20 John
149 425 85 24 Henry
250 424 96 25 McCoy.
389 424 48 20 See
459 423 130 29 CHAFFIN.,
97 455 103 20 LILLIE
216 454 29 21 D.

62 495 50 23 Key
131 494 31 20 to
181 493 120 26 English
321 491 215 28 fundamentals,
561 492 67 21 form
646 492 28 26 B,

97 522 84 21 fifth
200 521 130 22 edition.
370 522 49 19 See
96 521 441 52 EMERY,DONALD
216 552 28 21 W.

63 591 51 25 Key
133 590 31 21 to
184 590 50 20 The
250 589 156 21 Macmillan
426 590 99 20 school
96 591 533 49 mathematics

217 623 133 21 program,
373 617 171 27 Developing
96 619 551 49 mathematics
219 647 97 26 three,

337 648 150 21 workbook.
529 647 49 21 See
98 675 150 27 PHILLIPS,
270 676 32 20 JO
320 676 131 21 MCKEEBY.

65 713 68 25 King
152 713 131 20 Lazarus.
324 712 48 20 See
392 712 81 26 BETI,
494 712 98 21 MONGO.

67 752 137 24 Learning
224 750 168 21 activities
414 752 48 18 for
482 750 221 27 disadvantaged

103 779 147 22 children.
293 780 48 20 See
360 779 149 26 BERGESON,
532 780 68 20 JOHN
619 781 26 19 B.

62 816 48 19 The
132 815 65 21 life
217 815 50 20 and
285 815 84 20 world
389 814 31 20 of
440 814 85 26 Henry
543 815 80 20 VIII.

97 844 49 21 See
166 843 184 27 FEUERLICHT,
372 843 119 20 ROBERTA
510 843 132 21 STRAUSS.

64 882 151 25 Listening
236 882 47 19 and
306 881 133 25 speaking
459 881 31 19 in
512 880 47 20 the
579 880 118 25 English

98 910 164 22 classroom.
304 911 49 19 See
373 909 98 26 GAYER,
492 909 86 21 ROGER
598 910 27 20 L.

62 946 15 20 A
94 946 136 25 magazine
253 946 112 20 reader.
406 946 48 21 See
474 947 120 22 ENGLISH

96 974 136 22 LANGUAGE
251 974 149 29 SERVICES,
424 976 61 21 INC.

67 1011 50 19 The
135 1011 84 25 magic
239 1012 80 20 word.
361 1013 48 19 See
428 1012 133 29 GARTLER,
583 1014 115 23 MARION.

62 1047 51 19 Man
134 1051 29 14 on
185 1044 47 21 the
253 1043 96 20 earth.
391 1041 48 20 See
460 1040 98 26 JAMES,
99 1073 118 22 PRESTON
235 1072 29 20 E.

65 1108 172 26 Managerial
257 1109 65 19 cost
342 1107 184 25 accounting.
568 1107 47 20 See
102 1138 134 26 BIERMAN,
257 1137 116 26 HAROLD,
395 1137 46 20 JR.

65 1174 122 25 Mastery
207 1174 64 21 test
293 1175 30 19 to
343 1178 154 22 accompany
515 1174 68 21 Bold

119 1206 132 22 journeys.
291 1202 48 21 See
359 1202 98 27 SIPAY,
480 1203 103 21 EDWARD
602 1204 26 19 R.

65 1241 121 26 Mastery
204 1240 65 22 test
289 1241 33 20 to
341 1245 153 22 accompany
513 1240 66 20 Into
598 1245 52 16 new

97 1270 117 21 worlds.
255 1271 49 20 See
325 1270 97 28 SIPAY,
444 1270 101 21 EDWARD
564 1271 29 20 R.

65 1311 120 24 Mastery
204 1309 65 21 test
291 1310 31 19 to
342 1314 153 21 accompany
512 1309 50 19 The
582 1308 84 26 magic

100 1339 80 20 word.
221 1338 49 20 See
290 1337 98 27 SIPAY,
410 1337 101 21 EDWARD
531 1337 28 21 R.

59 1370 206 21 Mathematical
285 1368 133 26 analysis
440 1368 49 20 for
506 1367 172 26 management

95 1398 166 22 decisions:
285 1397 203 21 introduction
509 1396 31 20 to
561 1396 132 20 calculus

96 1429 47 20 and
165 1428 101 20 linear
286 1426 130 26 algebra.
457 1427 48 19 See
96 1456 131 27 MCADAMS,
252 1456 27 21 A.
302 1457 29 20 K.

63 1499 51 19 Men
133 1501 100 16 versus
255 1495 129 25 systems.
427 1495 48 19 See
494 1493 98 27 ADAMS,
99 1526 103 20 ARTHUR
220 1525 26 21 E.

55 1564 101 21 Modern
176 1562 153 21 Christian
348 1560 130 26 thought:
503 1559 68 20 from
590 1559 47 19 the

90 1591 222 27 Enlightenment
333 1590 31 20 to
382 1589 119 20 Vatican
521 1588 45 21 II.
609 1588 48 19 See

92 1621 183 26 LIVINGSTON,
298 1618 84 22 JAMES
402 1619 26 21 C.

59 1656 138 25 Monetary
215 1653 48 20 and
284 1651 101 22 fiscal
403 1650 104 26 policy
528 1649 31 19 in
578 1654 14 14 a
95 1683 118 26 growing
234 1686 130 21 economy.

405 1680 48 21 See
473 1678 101 26 FOLEY,
95 1713 102 21 DUNCAN
216 1712 28 20 K.

70 1752 50 19 New
139 1748 168 22 directions
329 1747 32 20 in
378 1744 102 21 health
500 1741 166 23 education.

105 1779 79 26 READ,
208 1777 102 21 DONALD
329 1776 45 26 A.,
398 1774 45 21 ed.

75 1814 32 20 On
126 1813 83 25 wings
230 1811 32 20 of
280 1810 98 21 words.
421 1809 46 20 See
488 1805 184 28 YARBOROUGH,
108 1841 86 21 BETTY
211 1841 28 21 H.

73 1879 48 20 One
140 1878 67 24 plus
228 1879 61 15 one.
333 1873 45 21 See
397 1868 169 27 MACDONALD,
590 1865 79 22 RUTH.

69 1919 67 24 Papy
155 1915 218 26 minicomputer;
397 1910 151 21 teacher's
570 1908 95 25 guide.

122 1946 14 21 31
155 1952 28 18 p.
221 1944 20 20 ©
259 1941 154 23 Macmillan
431 1941 64 23 Co.;
519 1937 131 26 21Sep70;
104 1973 132 26 A209012.

71 2011 130 26 Passing.
244 2011 48 21 See
313 2011 113 26 LARSEN,
449 2011 96 21 NELLA.

66 2047 135 25 Physical
222 2045 153 22 education
395 2047 49 19 and
462 2045 102 20 health
584 2045 34 19 in
636 2044 49 20 the

103 2074 169 27 elementary
294 2074 110 21 school.
448 2075 47 19 See
514 2073 116 26 BUCHER,
101 2103 119 21 CHARLES
239 2104 27 20 A.

79 2137 49 20 The
148 2142 102 21 proper
271 2138 82 25 study
372 2138 33 19 of
422 2143 64 16 man.
528 2139 49 20 See
114 2165 131 27 FADIMAN,
269 2166 95 22 JAMES.

78 2204 165 25 Quicksand.
285 2205 49 21 See
355 2205 113 26 LARSEN,
492 2204 96 22 NELLA.

76 2245 65 19 Race
162 2244 47 19 and
232 2247 95 15 races.
369 2241 47 19 See
438 2239 131 25 GOLDSBY,
110 2271 121 22 RICHARD
249 2271 26 21 A.

74 2312 47 21 The
143 2311 133 21 radiance
300 2310 31 20 of
349 2309 47 20 the
419 2307 79 25 king.
540 2305 47 20 See
609 2303 81 25 LAYE,
110 2341 114 21 CAMARA.

73 2377 134 24 Readings
229 2375 32 19 in
283 2374 114 21 science
419 2371 153 21 education
591 2371 49 19 for

107 2409 48 20 the
176 2407 171 25 elementary
366 2403 113 21 school.
520 2402 50 19 See
105 2437 116 26 VICTOR,
244 2435 114 21 EDWARD.

78 2473 84 25 Rhyme
182 2471 82 21 lotto
285 2474 78 21 game.
405 2467 48 20 See
474 2465 68 21 BANK
560 2462 102 22 STREET

114 2501 118 22 COLLEGE
253 2500 31 20 OF
303 2496 166 26 EDUCATION,
491 2493 51 22 NEW
558 2492 82 21 YORK.

74 2541 118 21 Russian
214 2538 168 22 literature
403 2536 82 20 since
507 2534 48 20 the
109 2531 567 59 revolution.

231 2569 48 19 See
299 2566 98 26 BROWN,
419 2563 102 21 EDWARD
540 2563 28 19 J.

69 2604 100 20 Scenes
192 2603 30 19 of
243 2601 130 20 America.
414 2599 49 19 See
483 2596 119 22 ENGLISH

105 2631 137 21 LANGUAGE
260 2629 150 26 SERVICES,
433 2627 63 21 INC.

80 2667 84 20 Shark
185 2667 130 21 hunters.
355 2667 48 20 See
425 2666 98 25 CROPP,
545 2665 62 21 BEN.

76 2711 153 22 Shellfish
249 2711 131 24 cookery.
422 2710 48 19 See
491 2707 166 26 CHEKENIAN,
111 2741 80 21 JANE.

73 2782 102 21 Social
196 2782 116 20 science
332 2780 49 21 and
399 2780 86 20 urban
504 2778 114 21 crisis.
659 2777 50 21 See

109 2811 114 27 FICKER,
246 2811 102 21 VICTOR
368 2811 27 20 B.

75 2851 152 21 Solutions
246 2852 98 19 manual
368 2850 50 21 for
436 2848 171 26 Managerial
627 2846 65 21 cost

109 2881 184 25 accounting.
334 2880 47 21 See
403 2879 131 26 BIERMAN,
557 2877 115 26 HAROLD,
696 2876 45 21 JR.

816 212 151 22 Solutions
987 214 101 19 manual
1108 212 49 21 for
1176 213 49 20 The
1246 212 117 26 capital

850 242 155 26 budgeting
1023 242 147 21 decision.
1211 242 50 20 See

852 271 131 27 BIERMAN,
1006 271 114 26 HAROLD,
1144 271 44 21 JR.

818 309 152 22 Solutions
991 310 30 21 to
1040 310 135 26 problems
1198 311 30 20 in
1246 309 206 23 Mathematical

852 339 135 26 analysis
1007 340 49 20 for
1074 341 171 24 management
1265 338 167 22 decisions:

854 369 202 22 introduction
1076 369 32 21 to
1128 368 133 22 calculus
1282 369 48 20 and
1352 369 99 20 linear

853 400 130 27 algebra.
1024 401 49 21 See
1093 400 132 28 MCADAMS,
1246 400 30 22 A.
1299 400 29 22 K.

821 443 50 20 The
893 442 99 21 Soviet
1011 443 85 20 Union
1112 442 16 18 &
1149 441 119 21 Eastern
1286 441 113 25 Europe.

858 472 48 20 See
924 471 115 27 MORTON,
1063 471 84 20 HENRY
1164 471 28 20 W.

816 509 119 24 Spanish
954 508 96 26 quest.
1091 507 47 20 See
1158 504 237 27 VALLS-RUSSELL,
850 537 151 23 LAWRENCE.

821 574 97 25 Spirit
941 572 186 27 duplicating
1144 570 119 21 masters
1283 569 31 20 to
853 572 566 55 accompany

940 601 67 21 Bold
1042 604 131 21 journeys.
1216 599 47 20 See
1285 598 95 25 SIPAY,
854 630 102 22 EDWARD
974 631 28 20 R.

824 670 98 25 Spirit
944 668 186 27 duplicating
1148 668 118 21 masters
1287 668 31 21 to
858 673 566 51 accompany

945 698 66 21 Into
1029 704 50 14 new
1097 698 114 21 worlds.
1255 698 47 19 See
1323 697 96 26 SIPAY,
859 727 102 21 EDWARD
979 728 27 20 R.

816 762 49 21 The
887 760 80 27 sport
990 760 30 19 of
1041 760 46 19 the
1109 757 80 25 gods.
1230 756 49 20 See
1299 754 116 25 DUNBAR,

852 791 67 20 PAUL
938 787 149 23 LAWRENCE.

813 825 48 19 The
884 825 84 25 story
987 825 29 19 of
1036 822 135 23 American
1191 823 130 22 freedom.
1364 824 47 20 See

849 854 80 26 BOYD,
953 854 66 21 EDNA
1037 853 130 23 MCGUIRE.

820 892 15 20 A
856 893 98 24 strong
976 891 46 20 and
1043 891 66 20 free
1129 891 113 20 nation.
1284 890 48 20 See

853 920 117 27 FORGEY,
994 919 128 22 CHARLES.

824 953 117 20 Student
960 952 136 21 workbook
1115 952 31 20 to
1167 956 154 22 accompany
859 951 564 56 Introductory

997 981 181 22 statistics:
1201 987 16 14 a
1237 981 136 22 decision
857 1015 64 21 map.
962 1011 49 19 See

1030 1009 200 29 HARSHBARGER,
1254 1010 67 21 THAD
1340 1010 27 21 R.

820 1047 66 22 Take
906 1048 32 20 it
958 1047 61 20 all.
1060 1046 49 22 See
1129 1045 149 27 KALINSKY,
1300 1044 115 22 GEORGE.

822 1083 165 21 Tarantula.
1028 1084 46 20 See
1096 1084 98 26 DYLAN,
1216 1084 63 20 BOB.

822 1116 68 25 They
908 1115 67 21 made
994 1114 118 21 America
1131 1115 97 24 great.
1270 1114 48 20 See
1338 1114 80 26 BOYD,
857 1145 67 21 EDNA
942 1145 133 22 MCGUIRE.

826 1181 50 21 The
897 1181 83 21 third
997 1181 115 26 planet.
1152 1183 50 20 See
1220 1183 134 27 VIERECK,
862 1209 130 23 PHILLIP.

826 1247 66 21 This
914 1247 116 21 favored
1050 1247 80 26 land,
1152 1246 234 26 Anglo-America:

863 1276 118 25 setting
1000 1277 47 19 and
1069 1276 181 21 settlement.
1293 1276 46 20 See
863 1304 114 28 PRUNTY,
999 1305 96 21 MERLE.

825 1339 64 21 This
913 1339 111 26 island,
1047 1343 63 16 now.
1150 1339 48 19 See
1218 1338 151 27 ABRAHAMS,
1393 1338 96 22 PETER.

824 1368 134 20 Treasure
980 1367 32 20 of
1030 1367 48 20 the
1099 1371 97 17 caves.
1237 1366 48 20 See
1305 1366 98 25 NOBLE,
1426 1364 79 21 IRIS.

823 1402 84 21 Under
927 1403 48 20 the
995 1407 83 20 green
1097 1403 113 21 willow.
1253 1403 48 20 See

858 1431 183 28 GOATSWORTH,
1063 1431 155 23 ELIZABETH
1235 1433 81 21 JANE.

823 1467 171 26 Vocabulary
1011 1466 187 26 preparation
1220 1466 48 20 and
1287 1465 67 21 unit

859 1496 98 21 skills
980 1496 112 21 review.
1132 1495 49 20 See
1201 1494 98 27 SIPAY,
1322 1494 101 21 EDWARD
1443 1494 30 22 R.

818 1532 68 20 Word
907 1531 83 25 bingo
1010 1534 80 20 game.
1130 1530 50 20 See
1198 1529 70 21 BANK
1285 1529 102 20 STREET

856 1560 118 22 COLLEGE
993 1560 33 20 OF
1044 1559 165 26 EDUCATION,
1233 1558 51 21 NEW
1304 1558 80 21 YORK.

829 1592 467 26 The world of children. 20 [[illegible]]
864 1627 79 24 Appl.
968 1625 129 20 authors:
1122 1623 102 20 Bertha
1243 1621 83 22 Davis
1347 1625 16 16 &

866 1655 110 21 others.
1020 1655 43 20 NM:
1088 1653 49 19 two
1156 1657 51 14 new
1227 1650 65 20 line
1312 1649 148 25 drawings,

867 1684 97 21 twelve
985 1687 50 16 new
1053 1681 84 21 color
1157 1679 148 25 drawings,
866 1677 545 56 compilation

986 1711 31 20 of
1036 1710 114 26 photos.,
1172 1713 67 21 maps
1260 1709 16 19 &
1296 1706 129 21 artwork.
863 1743 20 20 ©
899 1741 154 22 Macmillan

1089 1744 46 21 Co.;
1191 1736 99 27 11Jan71;
1313 1730 119 30 A248809.

823 1787 50 20 The
894 1784 82 22 world
998 1784 30 20 of
1049 1783 146 21 children.
1237 1782 48 20 See
859 1815 166 27 JAROLIMEK,
1048 1813 79 21 JOHN.

830 1852 48 20 The
897 1849 85 22 world
1004 1848 30 20 of
1054 1846 199 23 communities.
1296 1844 32 20 10
1347 1842 96 22 cards.

864 1879 81 25 Appl.
969 1877 130 20 authors:
1122 1873 153 22 Macmillan
1314 1877 45 20 Co.,
867 1907 134 25 employer

1021 1905 49 20 for
1090 1904 66 20 hire
1177 1903 30 18 of
1228 1901 99 21 artist
1346 1901 16 18 &
865 1934 235 26 photographers;
1122 1932 16 18 &

882 1929 550 61 others. NM: 1 map, 8 photos. & compilation of
866 1993 115 25 photos.
1018 1990 19 21 ©
1054 1989 153 22 Macmillan
1228 1989 62 24 Co.;
1315 1985 131 25 21Jun71;
866 2021 133 26 A250702.

811 2062 63 23 Yes,
899 2061 47 19 but
966 2059 49 19 not
1036 2058 77 20 here:
1138 2061 32 15 an
1189 2054 186 22 educational

848 2087 181 22 simulation.
1070 2086 46 20 See
1139 2083 135 21 CREATIVE
1294 2080 132 26 STUDIES,
847 2119 62 20 INC.

826 2156 50 20 You
895 2155 48 19 and
962 2158 46 16 me.
1049 2155 48 19 See
1119 2152 130 25 ZOLOTOW,
1273 2149 166 22 CHARLOTTE.

801 2212 155 22 MACMILLAN
976 2212 42 20 CO.
1060 2211 48 20 See

838 2240 206 23 AUDIO-VISUAL
1059 2239 132 21 ENGLISH.

831 2278 121 21 CENTRAL
969 2275 136 21 CONCEPTS
1124 2273 33 19 OF
1175 2271 132 21 BIOLOGY.

832 2312 172 21 DEVELOPING
1021 2309 187 22 MATHEMATICS
1228 2308 62 21 ONE.

834 2345 169 21 DEVELOPING
1020 2343 187 21 MATHEMATICS
1226 2342 81 21 FOUR.

837 2377 170 22 DEVELOPING
1025 2376 187 22 MATHEMATICS
1232 2377 78 20 FIVE.

839 2407 169 22 DEVELOPING
1024 2406 189 21 MATHEMATICS
1233 2405 61 21 SIX.

839 2440 171 21 ELEMENTARY
1029 2439 117 22 SCIENCE
1165 2439 183 23 FILMSTRIPS.

839 2472 204 23 ENCYCLOPEDIA
1063 2474 32 20 OF
1114 2473 82 20 SPORT
1217 2472 134 22 SCIENCES
1371 2472 49 20 AND
873 2501 148 23 MEDICINE.

839 2541 51 21 KEY
907 2541 35 20 TO
959 2539 170 23 DEVELOPING
1148 2538 186 22 MATHEMATICS
1356 2538 67 21 FOUR
872 2569 148 21 WORKBOOK.

834 2602 55 20 KEY.
902 2602 33 20 TO
953 2599 170 22 DEVELOPING
1141 2597 203 27 MATHEMATICS,
1366 2598 29 24 5,
866 2629 150 22 WORKBOOK.

837 2667 50 20 KEY
904 2666 33 21 TO
956 2664 168 23 DEVELOPING
1143 2663 202 27 MATHEMATICS,
1367 2660 30 29 6,
869 2695 148 21 WORKBOOK.

834 2727 154 22 MACMILLAN
1007 2727 171 22 ELEMENTARY
1197 2727 118 22 SCIENCE
871 2728 531 51 FILMSTRIPS.

830 2790 156 22 MACMILLAN
1003 2789 119 21 ENGLISH
1140 2788 183 22 FILMSTRIPS.

834 2821 150 23 SPELLING:
1006 2822 85 20 SOUND
1108 2821 34 20 TO
1161 2820 115 22 LETTER.

1541 197 443 53 MACMILLAN CO. FREE PRESS. See FREE PRESS.
1547 279 153 23 MACMILLAN
1720 281 45 22 CO.
1806 283 67 20 FREE
1891 284 84 21 PRESS
1996 285 33 21 OF
2047 286 130 23 GLENCOE.

1583 308 49 21 See
1652 309 66 21 FREE
1737 310 84 21 PRESS
1841 312 33 20 OF
1891 312 132 23 GLENCOE.

1526 367 154 22 MACMILLAN
1698 366 44 22 CO.
1784 364 119 22 GLENCOE
1923 363 95 21 PRESS.
2060 363 47 20 See

1562 396 118 21 GLENCOE
1699 394 96 22 PRESS.

1526 461 150 27 MCMILLAN,
1699 459 117 23 CYNTHIA
1835 458 80 23 ANNE.

1561 491 50 20 The
1632 488 115 26 concept
1769 488 31 20 of
1819 487 48 21 the
1887 485 205 22 mathematical

1599 518 131 21 infinite
1753 517 30 21 in
1803 516 101 21 French
1923 514 131 26 thought,
1599 514 562 57 1670-1760.

1716 545 51 21 Ann
1784 544 100 26 Arbor,
1905 543 173 25 University
1598 575 168 22 Microfilms

1787 574 119 24 Library
1925 571 133 23 Services
2084 567 127 32 (26,571)
1598 603 166 23 Microfilm.

1810 599 146 31 (Doctoral
1978 599 203 23 dissertation
1600 629 113 31 series)
1751 632 21 19 ©
1789 630 118 25 Cynthia

1923 627 67 23 Anne
2010 627 149 26 McMillan;
1599 661 130 25 31Mar71;
1752 658 132 23 A238222.

1538 722 154 22 MACMILLAN
1710 720 172 21 ELEMENTARY
1901 719 119 22 SCIENCE
2039 719 182 21 FILMSTRIPS.

1574 750 50 20 Set
1644 752 15 19 D
1682 746 180 32 (Filmstrip)
1901 748 154 21 Macmillan
2076 749 43 20 Co.
2159 747 67 20 Made

1574 779 33 24 by
1626 778 222 22 Instructional
1866 777 85 20 Media
1970 776 183 22 Associates.

1575 804 14 23 6
1610 807 181 26 filmstrips,
1816 807 96 24 color,
1938 806 29 24 35
2027 820 5 6 mm.
2073 805 67 21 With

1575 833 580 29 Teacher's manual, 59 p. Contents:
1575 865 152 21 Molecules
1749 866 30 19 in
1798 865 114 21 motion.
1954 860 33 24 48
2008 863 215 21 fr.--Planets.

1575 891 32 28 45
1628 894 169 25 fr.--Light
1817 894 48 20 and
1888 894 111 19 lasers.
2040 888 32 29 45
2093 893 44 19 fr.--

1574 924 170 25 Ecological
1766 923 130 25 systems.
1936 918 32 28 47
1990 921 185 22 fr.--Animal

1574 952 148 21 behavior.
1764 948 32 24 46
1817 951 136 22 fr.--How
1974 951 100 24 living
2094 949 98 26 things

1576 981 112 25 change.
1729 976 34 24 48
1783 981 44 19 fr.
1869 980 101 25 Script
1988 980 35 25 by
2040 978 119 21 Tintern
1577 979 633 51 Research

1695 1010 16 20 &
1730 1009 188 21 Educational
1937 1008 201 25 Enterprises.
1574 1038 20 19 ©
1609 1038 153 21 Macmillan

1784 1039 61 22 Co.;
1868 1037 114 24 5Oct70;
2005 1031 121 29 A208503.

1529 1110 154 22 MACMILLAN
1700 1109 121 22 ENGLISH
1839 1108 169 23 FILMSTRIPS
2034 1104 179 32 (Filmstrip)

1564 1135 154 22 Macmillan
1737 1136 45 20 Co.
1821 1135 68 21 Made
1908 1135 35 24 by
1960 1134 173 26 University

1565 1165 97 21 Films.
1703 1160 15 25 6
1738 1163 183 27 filmstrips,
1946 1163 96 26 color,
2066 1164 30 22 35
2115 1167 47 16 mm.

1564 1193 67 21 With
1651 1193 152 22 Teacher's
1823 1192 101 21 manual
1945 1192 30 20 to
1997 1196 153 21 accompany
2170 1190 46 21 the

1564 1221 152 22 Macmillan
1738 1221 171 25 elementary
1926 1220 118 26 English
1567 1220 566 57 filmstrips,
1705 1250 46 23 127
1771 1255 28 20 p.

1601 1279 148 23 Contents:
1772 1279 137 24 Learning
1927 1277 84 22 about
2033 1277 133 25 language
1566 1305 33 22 42

1619 1308 221 25 fr.--Learning
1860 1307 82 20 about
1961 1311 99 17 nouns.
2100 1303 31 27 45
1602 1305 595 57 fr.--Learning

1757 1337 80 20 about
1859 1336 97 21 verbs.
1996 1331 34 24 42
2049 1335 45 20 fr.--
1566 1367 135 24 Learning
1721 1365 82 21 about
1825 1364 168 26 adjectives

2013 1364 50 20 and
2082 1363 133 21 adverbs.
1565 1391 35 23 42
1619 1394 220 26 fr.--Learning
1859 1392 83 21 about
1964 1392 163 22 sentences.

1567 1430 32 27 45
1620 1432 222 27 fr.--Learning
1860 1433 84 21 about
1965 1433 117 25 changes
2103 1434 32 19 in
2153 1437 50 16 our

1571 1461 145 26 language.
1757 1458 32 28 47
1810 1463 44 19 fr.

1604 1490 129 23 Credits:
1758 1490 101 26 Script
1877 1491 17 19 &
1913 1490 170 25 production
1569 1494 617 51 supervisor,

1686 1519 101 22 Walter
1807 1521 29 19 E.
1860 1519 115 25 Schaap.
1602 1547 19 21 ©
1636 1548 153 21 Macmillan
1810 1548 61 25 Co.;
1896 1547 101 24 9Mar70

2020 1544 46 28 (in
2084 1547 118 21 notices
1568 1581 32 15 on
1620 1575 183 27 filmstrips:
1828 1573 96 33 1969);
1945 1572 134 28 A153661.

1555 1657 150 26 MCMILLAN,
1728 1655 68 20 ODEN
1814 1652 97 22 JAMES.

1591 1684 187 22 Performance
1798 1683 33 20 of
1850 1677 273 29 low-aspect-ratio
1627 1675 566 59 diffusers

1744 1712 68 20 with
1834 1709 84 27 fully
1937 1706 152 26 developed
1627 1705 566 57 turbulent
1713 1741 83 20 inlet
1817 1739 96 21 flows.

1953 1737 51 20 Ann
2023 1735 98 24 Arbor,
1625 1733 568 62 University
1764 1767 170 23 Microfilms
1956 1765 119 24 Library

2094 1761 134 23 Services
1631 1796 93 32 (2799)
1764 1796 166 23 Microfilm.
1976 1791 149 30 (Doctoral

1629 1791 564 58 dissertation
1802 1822 113 31 series)
1953 1825 19 19 ©
1992 1823 65 21 Oden
2076 1821 83 22 James
1628 1820 583 62 McMillan;

1767 1852 131 27 26Feb71;
1920 1847 132 27 A230406.

1543 1933 150 27 MCMILLAN,
1717 1931 113 21 THOMAS.

1580 1962 67 20 20th
1667 1961 118 24 century
1805 1957 167 22 orchestral
1996 1960 80 17 snare
2098 1955 67 20 drum

1617 1989 127 22 studies.
1786 1988 150 25 Glenview,
1960 1985 62 27 Ill,
2046 1983 134 22 Creative

1614 2018 96 21 Music.
1751 2018 33 24 32
1804 2023 27 19 p.
1871 2016 19 19 ©
1908 2014 134 22 Creative
2061 2012 99 26 Music;
1699 2042 30 31 1Jul68;
1749 2041 135 28 A246630.

1547 2126 148 25 MCMILLEN,
1718 2124 103 20 DANIEL
1839 2121 113 22 MORRIS.

1583 2154 132 21 Guidance
1736 2150 152 22 functions
1908 2146 183 23 visualised.

1617 2182 48 21 Set
1688 2180 132 22 includes
1842 2178 99 22 User's
1960 2176 102 20 manual

1618 2212 16 20 &
1653 2212 33 19 21
1705 2209 94 22 cards.
1840 2208 21 20 ©
1875 2206 101 20 Daniel
1996 2204 100 22 Morris

1618 2239 148 24 McMillen;
1792 2236 130 25 10Mar71;
1945 2233 131 25 A232097.

1553 2318 152 27 MCMILLEN,
1727 2316 102 20 ROBERT
1846 2314 105 21 ARTHUR.

1588 2347 68 20 With
1676 2346 101 21 hollow
1795 2344 102 20 hearts
1919 2343 48 19 and
1988 2342 83 24 empty
2090 2339 98 20 lives.

1629 2373 46 29 (In
1693 2371 169 25 Lanesville
1887 2368 93 30 (Ind.)
2004 2369 100 22 United
1627 2366 582 58 Methodist

1713 2402 99 21 Church
1836 2396 162 29 [bulletin]
2021 2398 63 20 Nov.
2109 2392 27 29 8,
1660 2433 45 24 1970,
1729 2427 62 30 p.3)
1830 2430 19 19 ©
1868 2428 99 21 Robert

1987 2427 102 21 Arthur
1628 2423 564 63 McMillen;
1712 2455 114 28 8Nov70;
1849 2453 132 28 A216314.

1554 2536 149 26 MCMILLEN,
1728 2536 27 19 S.
1780 2535 27 19 I.

1589 2565 117 20 Discern
1728 2564 82 19 these
1832 2561 95 21 times.
1970 2559 47 21 Old
2038 2560 113 23 Tappan,
1624 2594 79 25 N.J.,

1623 2588 432 58 F. H. Revell. 192 p. © Fleming H. Revell
1968 2618 64 23 Co.;
2053 2613 116 27 4Jun71;
1624 2647 132 28 A245512.

1549 2705 149 27 MCMILLIN,
1721 2704 103 20 ARNOLD
1842 2702 28 22 B.

1586 2735 130 22 Theatre.
1757 2735 49 19 See
1826 2733 131 25 CHEKHOV,
1978 2731 88 21 ANTON
1620 2764 164 21 PAVLOVICH.

1539 2816 149 28 MCMILLIN,
1712 2815 114 22 GEORGE.

1575 2847 15 22 A
1610 2844 115 24 horse's
1746 2846 79 20 head.
1867 2843 48 21 See
1935 2842 116 27 HUNTER,
2073 2840 80 22 EVAN.
