3058 3894
401 218 67 28 3262

442 427 175 24 Guidance:
645 431 18 17 a
688 424 194 31 systematic
909 422 254 25 introduction.

483 462 58 22 See
565 460 173 29 NORDBERG,
766 458 120 24 ROBERT
908 458 31 23 B.

441 505 117 24 Guided
581 506 154 29 writing.
784 508 57 22 See
863 507 135 30 WUBBEN,
1027 507 92 23 JOHN.

438 551 115 22 Heroes
577 549 39 24 of
637 555 60 24 pro
719 549 134 28 hockey.
902 550 58 23 See
983 548 175 31 FISCHLER,
477 585 92 24 STAN.

443 620 140 29 History
605 621 58 22 and
686 619 194 23 education.
929 619 57 22 See
1010 617 92 31 NASH,
484 654 93 31 PAUL,
606 655 52 22 ed.

435 694 20 24 A
477 694 137 30 history
639 694 37 23 of
700 693 178 24 financial
902 692 296 25 intermediaries.

477 729 55 22 See
557 729 136 29 KROOSS,
718 728 121 24 HERMAN
859 729 35 24 E.

434 769 56 23 The
513 769 99 24 human
637 771 152 29 species.
838 772 58 22 See
918 772 116 30 HULSE,
474 804 180 24 FREDERICK
676 806 32 23 S.

432 846 235 25 Instructor's
692 847 118 21 manual
835 846 59 22 for
914 846 120 23 Alfred
468 881 135 28 Apsler:
629 880 41 22 An

695 879 237 23 introduction
959 879 35 22 to
1019 878 118 23 social
471 914 152 23 science.
673 915 57 22 See

752 913 135 31 APSLER,
914 913 137 25 ALFRED.

440 956 235 24 Instructor's
698 957 121 23 manual
843 957 56 23 for
922 958 40 22 An
478 956 605 59 introduction

640 991 36 23 to
702 991 117 24 social
842 992 216 29 psychology.
1106 992 56 24 See
478 1027 257 29 SCHELLENBERG,

762 1027 97 24 JAMES
882 1027 32 23 A.

445 1070 237 25 Instructor's
704 1072 119 22 manual
849 1071 58 23 for
930 1070 239 30 Contemporary

482 1105 159 22 business
664 1104 154 29 writing.
869 1105 57 22 See
948 1104 195 29 ADELSTEIN,
480 1139 143 23 MICHAEL
646 1139 30 23 E.

434 1175 238 26 Instructor's
696 1175 119 23 manual
838 1174 59 23 for
918 1174 202 28 Exercising

474 1210 99 29 plain
594 1210 154 28 English.
799 1210 54 23 See
880 1209 113 29 COWAN,
1020 1207 155 25 GREGORY.

438 1252 236 25 Instructor's
697 1254 121 23 manual
843 1254 57 23 for
923 1254 179 24 Frederick
1125 1255 32 24 S.

476 1286 99 23 Hulse
597 1286 58 24 The
680 1286 99 24 human
802 1287 152 29 species:
983 1293 39 18 an
477 1288 665 56 introduction

639 1320 35 25 to
698 1321 160 30 physical
882 1322 255 31 anthropology,
477 1356 118 23 second
619 1356 153 26 edition.
822 1358 56 23 See

900 1358 95 30 WOLF,
1022 1359 101 23 DAVID
1144 1358 33 26 J.

453 1396 236 24 Instructor's
713 1397 120 23 manual
858 1397 57 24 for
938 1396 241 25 Introduction

492 1430 37 24 to
553 1431 195 24 economics.
796 1432 57 22 See
876 1432 115 29 BREHM,
1019 1431 94 26 CARL.

434 1475 236 26 Instructor's
696 1476 117 22 manual
839 1475 56 23 for
919 1475 77 24 John
1020 1475 31 24 C.

471 1510 119 23 Wahlke
613 1510 58 22 and
694 1510 81 23 Alex
796 1510 33 23 N.
858 1508 174 29 Dragnich:
473 1509 646 57 Government

634 1543 58 22 and
717 1542 173 29 politics,
920 1542 116 22 second
473 1578 153 22 edition.
676 1579 56 22 See

756 1578 134 29 REILLY,
919 1577 118 23 THOMAS
1060 1578 33 23 A.

441 1617 236 22 Instructor's
702 1618 117 22 manual
845 1617 57 23 for
923 1617 181 23 MacDonald
1129 1617 56 23 and

480 1650 253 29 Schellenberg:
763 1651 158 22 Selected
947 1651 156 28 readings
1129 1651 56 23 and

480 1684 157 28 projects
663 1684 36 23 in
724 1684 114 24 social
864 1686 215 28 psychology.
1128 1685 57 24 See

478 1718 197 29 MACDONALD,
702 1718 141 23 RICHARD
864 1719 32 23 R.

451 1759 236 25 Instructor's
711 1761 119 23 manual
854 1760 60 24 for
934 1760 120 23 Manuel
1078 1761 36 22 de

490 1795 220 30 composition
734 1795 194 25 francaise.
976 1797 57 22 See

492 1833 153 30 LIMOUZY,
675 1834 118 23 PIERRE
816 1835 32 23 F.

443 1874 235 24 Instructor's
702 1875 118 23 manual
846 1874 57 23 for
927 1873 99 24 Plain
1047 1873 154 30 English:

481 1908 158 23 rhetoric
662 1909 58 22 and
744 1909 134 23 reader.
927 1909 54 22 See
1008 1908 114 29 COWAN,
480 1942 155 24 GREGORY.

441 1983 235 26 Instructor's
700 1981 119 24 manual
843 1981 56 23 for
945 1980 97 23 Social
1064 1978 157 26 welfare:

480 2015 218 24 institution
720 2015 57 22 and
802 2018 153 25 process,
1025 2017 37 18 See
480 2051 174 30 SCHEFFER,
679 2049 121 25 MARTIN
821 2049 35 24 W.

450 2089 235 26 Instructor's
707 2088 122 24 manual
853 2088 57 24 for
932 2088 58 24 The
1013 2088 119 28 ghetto

489 2125 132 22 reader.
670 2124 57 24 See
751 2124 176 29 DEMAREST,
953 2123 100 24 DAVID
1075 2122 33 26 P.

442 2163 39 22 An
504 2161 239 24 introduction
767 2161 37 23 to
828 2159 118 25 social
970 2158 153 24 science.

484 2195 55 24 See
563 2195 137 29 APSLER,
726 2194 135 24 ALFRED.

446 2239 38 23 An
507 2239 240 24 introduction
769 2238 37 23 to
830 2238 57 24 the
910 2237 201 30 philosophy
1134 2236 37 24 of

486 2273 77 24 time
588 2274 57 22 and
669 2278 112 24 space.
830 2272 57 24 See
909 2272 61 23 VAN
993 2270 174 32 FRAASSEN,
486 2308 57 24 BAS
568 2309 32 23 C.

440 2346 130 24 Italia:
601 2346 76 22 vita
700 2350 16 17 e
742 2345 153 23 cultura.
944 2344 57 24 See
479 2380 174 31 PACIFICI,
681 2379 133 24 SERGIO.

448 2422 154 27 Japanese
628 2419 153 29 society.
830 2419 54 22 See
911 2416 135 28 ISHIDA,
1072 2412 154 25 TAKESHI.

455 2462 76 23 John
554 2461 98 23 Locke
673 2461 18 22 &
716 2460 192 24 education.
959 2460 57 22 See
1037 2457 136 32 YOLTON,
494 2496 78 23 JOHN
593 2496 33 23 W.

466 2534 78 23 Kent
570 2533 110 24 State:
708 2533 78 22 what
810 2532 159 28 happened
994 2531 57 22 and
1073 2529 74 29 why.

510 2568 55 23 See
588 2567 176 29 MICHENER,
790 2566 99 24 JAMES
912 2566 32 23 A.

449 2604 151 29 Knowing,
669 2609 37 18 See
730 2605 94 31 ROTH,
851 2604 141 25 MICHAEL
1012 2605 35 23 D.

457 2646 77 23 Look
557 2652 37 23 up
618 2648 57 22 and
700 2647 111 23 learn.
859 2649 58 22 See
942 2649 154 29 PACKARD,
497 2681 152 23 CHARLES.

469 2717 76 29 Man,
571 2718 115 23 that's
715 2720 90 23 life.
853 2722 57 22 See
934 2722 136 29 MULLER,
1094 2722 114 25 VIANA.

451 2764 117 25 Manuel
592 2766 37 22 de
653 2763 219 30 composition
898 2761 191 24 francaise.
1137 2760 58 24 See

493 2799 153 30 LIMOUZY,
674 2798 117 24 PIERRE
815 2798 33 24 F.

456 2841 120 24 Market
599 2847 101 24 power
721 2844 57 22 and
802 2843 156 23 economic
982 2843 154 23 welfare.

500 2876 56 22 See
580 2876 174 30 SHEPHERD,
779 2876 142 24 WILLIAM
942 2877 32 23 G.

447 2918 158 27 Marriage
629 2917 56 23 and
709 2916 57 23 the
791 2915 133 28 family:
951 2919 18 18 a
488 2917 661 63 compara-analysis

670 2950 36 23 of
732 2951 239 27 contemporary
992 2946 173 31 problems.
490 2987 56 22 See
591 2985 113 30 ABASH,
730 2984 113 24 MEYER.

452 3026 17 22 A
491 3026 120 23 matter
633 3026 38 22 of
695 3025 75 23 life
797 3025 53 23 and
876 3024 113 24 death:
1017 3024 56 23 the

492 3024 663 60 Connecticut
673 3060 118 23 Mutual
816 3059 112 28 story.
976 3059 57 22 Sea
1058 3057 92 30 CAHN,
492 3093 155 25 WILLIAM.

463 3135 56 23 The
540 3134 60 29 May
622 3135 174 22 movement:
827 3133 115 24 revolt
966 3135 57 21 and
1049 3132 130 25 reform.

503 3167 57 24 See
582 3166 176 32 TOURAINF,
784 3167 113 24 ALAIN.

456 3204 159 24 Medieval
639 3205 158 28 European
841 3204 135 29 society,
1003 3199 192 33 1000-1450.

498 3238 16 24 See
580 3239 173 29 HASTINGS,
779 3238 175 23 MARGARET.

455 3276 159 28 Minority
637 3281 192 24 responses:
858 3276 218 29 comparative
1099 3276 98 23 views

495 3310 598 24 of reactions to subordination. See
578 3343 173 29 KUROKAWA,
777 3343 134 30 MIHAKO,
939 3343 53 23 ed.

456 3376 118 23 Modern
596 3377 235 25 mathematices.
879 3378 56 23 See
959 3379 116 30 SKEEN,
557 3409 37 22 KENNE
619 3410 15 21 H
657 3409 32 24 C.

466 3445 119 22 Modern
609 3444 236 29 philosophies
870 3444 37 23 of
950 3444 173 24 education.

508 3477 57 22 See
589 3476 134 30 STRAIN,
751 3477 75 23 JOHN
854 3477 90 24 PAUL.

455 3515 159 28 Monetary
636 3515 193 23 economics.
898 3521 36 17 See
960 3516 133 30 PRAGER,
1119 3516 115 25 JONAS,

486 3551 36 23 The
546 3557 36 18 nose
647 3552 91 24 book.
808 3558 16 17 See
867 3554 153 29 PERKINS,
1050 3554 49 23 AL.

1336 359 56 23 The
1418 359 97 22 order
1539 357 37 23 of
1598 357 135 29 things:
1763 363 38 17 an
1824 356 220 30 archaeology

1377 391 36 23 of
1436 391 57 23 the
1517 391 100 23 human
1642 390 173 24 sciences.
1865 390 55 23 See

1377 425 175 30 FOUCAULT,
1577 425 137 23 MICHEL.

1321 467 56 24 The
1402 467 99 23 other
1523 467 155 23 Germans:
1709 466 115 28 report
1850 464 77 24 from
1951 469 37 18 an

1361 502 76 24 East
1462 502 121 23 German
1605 500 93 23 town.
1747 501 58 22 See
1827 499 94 31 HOLM,
1949 499 78 23 HANS

1362 536 92 24 AXEL.

1332 576 55 23 The
1409 574 202 30 philosophy
1634 573 38 24 of
1696 572 174 29 religion.
1919 571 58 23 See

1370 609 115 30 SMART,
1512 607 136 24 NINIAN.

1321 647 97 26 Plain
1440 645 140 31 English
1603 643 159 25 rhetoric
1787 643 57 23 and
1868 642 134 23 reader.

1361 684 56 22 See
1442 681 113 30 COWAN,
1583 679 155 24 GREGORY.

1319 725 118 26 Polish
1461 719 152 35 society.
1664 728 56 22 See
1745 725 237 32 SZCZEPANSKI,
2008 724 74 26 JAN.

1322 765 178 24 Political
1525 766 254 29 anthropology.
1829 766 57 22 See

1363 800 179 23 BALANDIER,
1584 800 155 24 GEORGES.

1344 839 57 24 The
1423 840 304 28 post-industrial
1752 843 152 28 society.
1955 845 56 21 See

1383 878 176 30 TOURAINE,
1586 879 114 24 ALAIN.

1320 920 19 24 A
1363 921 117 29 primer
1503 928 38 18 on
1563 924 159 23 economic
1747 926 195 29 geography.
1991 927 57 22 See

1360 956 116 30 MCNEE,
1501 957 122 24 ROBERT
1645 959 31 23 B.

1322 1000 19 24 A
1361 1001 121 30 primer
1504 1007 37 18 on
1563 1002 162 29 monopoly
1749 1003 56 23 and
1830 1003 235 29 competition.

1362 1037 57 23 See
1441 1037 156 30 MUELLER,
1623 1036 142 24 WILLARD
1788 1038 33 24 F.

1328 1080 57 24 The
1407 1086 140 23 process
1572 1081 37 23 of
1632 1081 260 24 international
1369 1082 706 56 organization.

1510 1117 58 22 See
1590 1116 95 30 WOOD,
1713 1117 121 23 ROBERT
1855 1118 52 29 S.,
1938 1117 50 22 ed.

1322 1157 199 29 Programmed
1543 1156 118 23 review
1685 1156 97 29 guide
1806 1156 58 22 and
1886 1153 163 26 workbook

1363 1191 36 23 to
1422 1195 179 25 accompany
1623 1190 156 29 Miernyk:
1807 1188 196 26 Economics.

1363 1225 53 22 See
1443 1224 175 30 SAUNDERS,
1644 1224 121 23 ROBERT
1787 1224 32 23 J.

1317 1268 200 29 Psychology
1539 1267 36 23 of
1601 1266 117 30 speech
1741 1267 58 22 and
1824 1266 174 29 language.

1357 1303 56 22 See
1436 1302 136 29 DEVITO,
1600 1301 120 24 JOSEPH
1741 1302 34 22 A.

1324 1345 235 31 Rationalism,
1589 1346 216 30 empiricism,
1831 1347 58 23 and
1365 1350 668 53 pragmatism.

1507 1381 57 22 See
1586 1379 96 31 AUNE,
1710 1380 116 24 BRUCE.

1315 1418 78 23 Read
1417 1423 51 17 on.
1519 1418 57 22 See
1598 1417 121 24 RANDOM
1741 1417 115 31 HOUSE,
1886 1417 72 24 INC.

1357 1452 116 23 SINGER
1498 1451 121 23 SCHOOL
1640 1451 175 23 DIVISION.

1334 1484 78 23 Read
1435 1490 53 23 on,
1515 1484 99 23 write
1639 1489 54 19 on.
1741 1484 57 22 See
1822 1483 115 31 KLINE,
1373 1517 115 25 RAYNA.

1329 1558 137 23 Readers
1494 1558 153 23 theatre:
1677 1557 116 23 toward
1817 1562 16 17 a
1858 1561 139 24 grammar
2021 1556 37 23 of

1368 1592 175 29 practice.
1594 1593 57 22 See
1673 1591 136 30 MACLAY,
1837 1590 118 25 JOANNA
1370 1626 154 24 HAWKINS.

1328 1664 139 28 Reading
1491 1665 56 22 and
1571 1663 140 29 writing
1734 1662 98 24 about
1857 1662 214 24 literature.

1370 1700 56 22 See
1449 1699 216 29 ROHRBERGER,
1691 1698 96 24 MARY.

1334 1741 156 30 Readings
1517 1741 37 24 in
1577 1742 241 29 organization
1841 1741 135 30 theory:

1375 1776 221 29 open-system
1618 1777 217 28 approaches.
1883 1776 57 24 See

1373 1810 115 30 MAUER,
1518 1810 78 23 JOHN
1617 1810 55 30 G.,
1700 1811 52 23 ed.

1322 1854 156 28 Reality,
1505 1853 195 29 knowledge,
1729 1853 56 22 and
1808 1852 115 25 value.
1972 1851 57 23 See

1363 1887 155 30 SHAFFER,
1546 1887 117 23 JEROME
1687 1888 31 22 A.

1318 1927 60 24 Red
1400 1927 58 23 and
1480 1926 58 24 the
1560 1926 117 23 white.
1725 1927 57 22 See
1803 1926 118 29 MORIN,
1948 1925 116 24 EDGAR.

1317 1965 59 23 Red
1400 1964 98 23 China
1521 1963 114 27 today.
1683 1961 57 23 See
1764 1960 94 29 SNOW,
1886 1958 116 24 EDGAR.

1327 2003 173 29 Religion:
1527 2008 18 18 a
1570 2002 239 30 sociological
1833 2001 93 26 view.
1975 2004 56 22 See

1366 2038 217 30 NOTTINGHAM,
1608 2038 184 23 ELIZABETH
1813 2038 32 24 K.

1335 2085 157 30 Reptiles
1517 2084 36 24 do
1578 2084 57 23 the
1660 2081 177 30 strangest
1861 2079 133 31 things.

1375 2120 58 22 See
1455 2117 176 30 HORNBLOW,
1658 2115 155 25 LEONORA.

1325 2153 259 29 Revolutionary
1607 2152 135 30 priest:
1770 2153 55 23 the
1852 2152 156 31 complete

1364 2187 158 30 writings
1547 2188 19 23 &
1585 2192 160 24 messages
1771 2186 37 24 of
1832 2186 118 25 Camilo

1365 2222 135 23 Torres.
1548 2222 55 22 See
1628 2222 136 29 TORRES,
1791 2220 133 25 CAMILO.

1316 2261 156 24 Rhetoric
1496 2262 59 22 and
1580 2262 179 29 reasoning
1783 2262 234 30 exemplified.

1356 2295 56 24 See
1435 2296 114 30 KYTLE,
1579 2295 72 25 RAY.

1328 2338 54 24 The
1408 2340 157 24 rhetoric
1590 2342 37 22 of
1651 2342 55 23 the
1730 2342 141 24 British
1894 2348 97 24 peace

1365 2375 177 24 movement.
1590 2377 55 22 See
1671 2377 116 30 LOMAS,
1814 2377 137 25 CHARLES
1973 2378 35 24 W.

1336 2418 119 23 Rumour
1498 2423 18 18 in
1539 2417 154 24 Orleans.
1741 2418 58 22 See
1822 2416 114 32 MORIN,
1965 2416 115 25 EDGAR.

1336 2459 156 24 Selected
1515 2460 119 29 poetry
1659 2461 56 22 and
1738 2466 98 23 prose
1859 2461 38 22 of
1921 2461 80 23 John

1374 2494 132 29 Dryden.
1557 2495 57 22 See
1637 2494 134 31 DRYDEN,
1799 2495 91 24 JOHN.

1336 2530 114 23 Social
1474 2531 154 23 welfare:
1659 2531 219 24 institution
1901 2533 57 23 and

1373 2569 153 24 process.
1577 2566 56 22 See
1658 2565 174 31 CRAMPTON,
1859 2565 100 24 HELEN
1979 2566 35 24 M.

1334 2604 57 24 The
1417 2604 177 29 sociology
1619 2605 55 22 and
1701 2605 115 22 social
1839 2604 202 30 psychology

1374 2638 40 23 of
1437 2638 198 29 disability
1659 2639 57 22 and
1740 2636 294 26 rehabilitation.

1376 2673 56 22 See
1457 2672 396 30 SAFILIOS-ROTHSCHILD,
1375 2707 234 23 CONSTANTINA.

1324 2744 194 29 Sociology:
1544 2744 57 23 the
1626 2744 138 23 classic
1789 2744 214 24 statements.

1364 2779 55 24 See
1442 2779 136 30 TRUZZI,
1605 2778 176 31 MARCELLO,
1808 2778 53 23 ed.

1333 2817 176 24 Solutions
1531 2817 120 22 manual
1677 2816 57 23 for
1758 2815 216 25 instructors
2000 2816 37 22 to

1374 2857 178 24 accompany
1576 2851 237 29 Quantitative
1839 2850 159 24 research

1370 2885 139 24 methods
1535 2885 58 24 for
1615 2885 158 23 business
1797 2885 57 22 and
1879 2883 193 25 economics.

1373 2921 57 22 See
1455 2920 152 29 BALSIEY,
1636 2919 120 24 HOWARD
1778 2919 31 24 L.

1336 2961 58 23 The
1420 2966 135 18 sorrows
1579 2961 38 23 of
1639 2966 100 24 young
1759 2960 143 25 Werther
1924 2962 58 22 and

1377 2994 154 24 Novella.
1579 2996 58 22 See
1660 2995 135 29 GOETHE,
1821 2994 123 25 JOHANN

1375 3028 162 24 WOLFGANG
1558 3028 73 24 VON.

1340 3066 78 24 Star
1438 3066 160 29 pitchers
1622 3066 38 23 of
1684 3065 56 24 the
1761 3065 102 29 major
1885 3065 153 30 leagues.

1379 3100 58 23 See
1459 3100 115 30 LIBBY,
1602 3100 92 23 BILL.

1338 3140 79 23 Star
1440 3141 237 28 quarterbacks
1702 3141 38 24 of
1763 3142 57 23 the
1842 3143 74 26 NFL.
1985 3149 37 18 See

1380 3175 112 30 LIBBY,
1522 3176 89 23 BILL.

1335 3216 77 21 Star
1437 3216 137 28 running
1595 3216 97 23 backs
1717 3216 39 24 of
1780 3217 55 24 the
1859 3217 72 26 NFL.
1980 3219 58 24 See

1374 3248 114 30 LIBBY,
1517 3249 90 24 BILL.

1331 3287 94 22 Stars
1451 3287 36 23 of
1512 3294 56 23 pro
1593 3290 213 25 basketball.
1855 3293 57 23 See
1936 3294 100 24 SABIN

1370 3320 72 24 LOU.

1351 3355 118 23 Starting
1512 3362 93 18 over.
1652 3359 59 23 See
1733 3360 116 31 CREWS,
1875 3361 197 28 FREDERICK.

1333 3394 136 24 Student
1494 3394 214 34 voices/one:
1737 3401 38 17 on
1796 3395 179 30 political

1371 3428 134 29 action,
1534 3430 153 29 culture,
1715 3431 57 22 and
1797 3430 58 23 the
1877 3431 215 30 university.

1372 3463 57 23 See
1453 3464 135 29 REASKE,
1614 3464 220 24 CHRISTOPHER
1857 3466 33 23 R.

1338 3501 55 24 The
1419 3504 98 28 study
1539 3504 39 23 of
1601 3505 152 30 society.
1801 3507 58 23 See
1882 3507 94 30 ROSE,

1378 3536 98 24 PETER
1500 3538 32 24 I.

2218 341 133 22 Sweden:
2377 339 182 29 prototype
2583 338 37 23 of
2642 338 122 23 modern
2788 336 153 28 society.

2258 375 56 22 See
2337 372 178 30 TOMASSON,
2542 370 141 25 RICHARD
2704 371 33 23 F.

2205 420 118 23 Thomas
2346 420 95 23 Mann:
2470 419 139 29 profile
2633 420 56 23 and
2713 419 259 30 perspectives.

2249 455 55 22 See
2326 453 61 24 VON
2409 453 176 31 GRONICKA,
2612 453 115 28 ANDRE,

2217 493 98 23 Total
2340 494 200 29 experience
2562 495 39 23 of
2623 496 133 30 poetry.
2807 498 57 22 See

2257 528 175 30 THOMPSON,
2460 529 93 24 RUTH.

2215 571 118 23 Toward
2358 571 160 30 defining
2543 572 159 31 equality
2725 573 37 23 of
2257 573 627 56 educational

2399 606 235 30 opportunity.
2684 607 57 23 See
2765 607 135 31 GORDON,
2256 641 119 23 EDMUND
2397 641 35 24 W.

2207 678 57 23 The
2287 677 204 30 university
2514 678 116 24 crisis
2656 680 133 24 reader.
2838 681 58 22 See

2245 712 240 30 WALLERSTEIN,
2512 711 175 26 IMMANUEL.

2215 754 57 25 The
2293 754 100 24 white
2415 754 178 30 majority.
2641 755 58 24 See
2723 755 96 31 HOWE,
2846 755 119 24 LOUISE

2254 790 94 31 KAPP,
2378 792 52 22 ed.

2203 838 100 25 White
2328 839 233 24 Southerners.
2614 842 55 22 See
2694 841 155 30 KILLIAN,
2246 874 98 23 LEWIS
2366 874 36 24 M.

2207 909 60 24 The
2286 909 101 24 whole
2412 910 77 24 idea
2514 911 154 30 catalog.
2717 911 58 24 See
2798 911 156 32 SULLENS,
2250 944 132 23 IDELLE.

2207 983 61 28 Why
2290 989 58 18 are
2370 989 39 18 we
2434 983 97 24 still
2556 983 37 23 in
2613 983 157 25 Vietnam.
2818 985 58 22 See
2250 1018 113 29 BROWN,
2392 1018 71 23 SAM.

2211 1060 218 29 Wordpacers.
2478 1061 56 22 See
2560 1059 113 31 SLACK,
2702 1059 138 25 CHARLES
2862 1061 37 24 W.

2217 1100 99 22 Words
2340 1104 38 18 on
2400 1100 115 23 words.
2566 1100 56 22 See
2646 1099 133 31 FINNIE,
2806 1100 32 23 W.
2258 1134 113 23 BRUCE.

2208 1171 158 30 Writing:
2393 1173 115 29 plans,
2536 1174 135 29 drafts,
2698 1175 20 23 &
2740 1174 176 24 revision.
2252 1208 54 22 See
2333 1209 115 29 HERUM,
2475 1209 94 24 JOHN.

2169 1271 80 24 RANDOM
2313 1273 115 29 HOUSE,
2457 1273 70 23 INC.
2577 1273 55 22 See

2211 1307 118 23 LETTER
2352 1308 39 23 TO
2412 1308 18 22 A
2454 1307 154 24 TEACHER.

2218 1349 58 24 THE
2298 1348 122 24 RANDOM
2443 1347 97 23 HOUSE
2564 1345 202 24 DICTIONARY
2790 1344 35 23 OF
2849 1343 58 24 THE
2258 1382 143 24 ENGLISH
2421 1381 175 24 LANGUAGE.

2204 1426 112 24 THREE:
2347 1425 93 28 1971.

2203 1466 242 24 WHITE-COLLAR
2467 1465 158 24 WORKERS.

2167 1522 121 22 RANDOM
2310 1522 115 29 HOUSE,
2455 1521 72 24 INC.
2576 1520 120 24 SINGER
2719 1520 121 23 SCHOOL
2207 1555 178 24 DIVISION.

2207 1590 79 23 Read
2310 1595 53 24 on;
2393 1589 181 23 criterion
2597 1588 97 24 tests
2722 1588 36 23 in
2781 1588 139 28 reading

2251 1624 133 24 skills.
2433 1624 56 23 Set
2516 1623 158 24 includes
2700 1623 178 23 teacher's

2249 1658 99 29 guide
2377 1654 216 34 (containing
2618 1657 118 30 script
2760 1656 39 23 of
2250 1689 216 33 cassettes),

2494 1691 197 29 cassettes,
2721 1690 138 29 scoring
2250 1727 113 28 cards,
2393 1726 97 23 ditto
2514 1724 139 25 matters
2676 1724 19 22 &
2720 1723 114 25 chart.

2245 1761 23 22 ©
2289 1761 121 23 Random
2432 1760 115 29 House,
2578 1760 93 28 Inc.;
2718 1758 115 29 1Mar71;
2249 1789 156 35 A252148.

2157 1850 116 33 RANDS,
2299 1851 122 25 ROBERT
2443 1851 34 24 L.
2524 1849 57 25 See

2198 1886 60 25 MAN
2279 1886 118 25 ACROSS
2423 1886 60 24 THE
2504 1884 74 25 SEA.

2182 1953 153 29 RANELLI,
2365 1952 98 24 FRANK
2486 1952 136 25 EDWARD.

2223 1986 56 24 The
2304 1985 198 29 objectives
2528 1984 37 23 of
2592 1983 95 29 large
2711 1982 255 29 corporations:

2265 2025 76 17 some
2365 2019 180 28 empirical
2570 2017 175 25 evidence.
2793 2019 59 22 Ann
2873 2018 114 25 Arbor,

2263 2054 200 28 University
2487 2051 199 26 Microfilms
2713 2051 137 29 Library

2264 2088 158 25 Services
2451 2083 151 35 (20,121)
2650 2085 196 27 Microfilm.

2269 2119 175 34 (Doctoral
2467 2120 242 25 dissertation
2734 2115 133 35 series)

2263 2158 22 22 ©
2304 2157 99 24 Frank
2427 2155 118 26 Edward
2570 2154 152 29 Ranelli;
2753 2155 98 27 31Aug71;
2265 2187 154 31 A276702.

2168 2245 115 32 RANEY,
2311 2246 120 24 DONALD
2454 2246 32 24 C.

2210 2281 261 24 Determination
2495 2281 36 23 of
2555 2280 57 23 the
2637 2279 242 25 dissociation

2250 2315 157 23 constant
2434 2315 37 23 of
2494 2320 18 18 a
2533 2315 81 23 weak
2636 2314 78 24 acid
2739 2315 38 28 by
2800 2314 38 28 pH
2252 2319 667 54 measurements.
2495 2349 56 24 See
2575 2348 100 24 GRANT
2702 2344 173 36 (WILLARD)

2251 2385 114 23 PRESS.
2391 2385 140 22 Modular
2557 2382 199 31 laboratory
2780 2387 139 24 program

2252 2418 36 23 in
2311 2417 195 30 chemistry.
2556 2416 175 29 EQUL-050.

2177 2480 114 31 RANEY,
2319 2482 80 23 JOHN
2421 2482 30 24 P.
2502 2483 57 23 See

2218 2517 178 23 SYNTHESIS
2421 2517 39 23 OF
2481 2517 182 23 VIBRATING
2685 2517 153 23 SYSTEMS.

2185 2572 116 29 RANEY,
2327 2572 142 23 RICHARD
2493 2570 154 30 BEVERLY,
2676 2571 51 23 SR.

2228 2604 132 24 Shands'
2390 2603 160 24 handbook
2574 2602 37 24 of
2635 2600 216 31 orthopaedic

2270 2644 153 23 surgery,
2450 2638 39 28 by
2511 2636 33 24 R.
2574 2635 138 28 Beverly
2735 2635 115 28 Raney,
2878 2635 53 22 Sr.
2954 2632 19 23 &

2269 2672 31 24 H.
2328 2673 120 22 Robert
2472 2672 175 27 Brashear,
2675 2671 53 23 Jr.
2774 2668 82 24 With
2880 2668 55 23 the

2269 2705 263 24 collaboration
2554 2705 37 23 of
2611 2703 122 24 Alfred
2755 2704 35 23 R.
2817 2702 136 29 Shands,

2269 2741 52 23 Jr.
2370 2736 58 28 8th
2452 2740 52 23 ed.
2553 2740 53 22 St.
2637 2737 113 30 Louis,
2802 2754 8 7 c.
2836 2737 34 23 v.
2899 2735 99 29 Mosby

2269 2776 52 22 Co.
2370 2768 57 34 543
2453 2779 31 24 p.
2532 2772 22 24 ©
2574 2774 31 22 C.
2633 2773 33 24 V.
2696 2772 99 27 Mosby
2817 2772 75 25 Co.;

2271 2808 153 27 21Oct71;
2450 2803 156 32 A281373.

2167 2856 114 32 RANFT,
2311 2857 136 25 FRANCIS
2470 2857 35 25 E.

2207 2893 262 23 Environmental
2494 2892 137 23 studies
2657 2891 57 24 for
2737 2896 18 17 a
2777 2891 159 29 proposed

2247 2927 119 24 Arctic
2390 2927 119 24 marine
2534 2925 173 25 terminal.
2757 2924 57 23 See

2249 2960 140 24 SOCIETY
2412 2960 38 23 OF
2474 2959 180 24 PETROLEUM
2674 2958 180 24 ENGINEERS
2880 2958 38 23 OF

2247 2994 95 24 AIMS.
2392 2995 113 28 Paper.
2555 2993 117 24 No.SPE
2698 2987 90 34 2943.

2200 3073 161 25 RANGAIRE
2382 3073 93 25 CORP.

2241 3107 160 24 Moduflex
2425 3108 96 22 sound
2546 3106 153 29 systems.
2749 3106 16 24 1
2789 3113 31 17 v.

2277 3140 23 24 ©
2321 3141 160 29 Rangaire
2504 3142 115 28 Corp.;
2648 3135 154 35 28May71;
2281 3170 154 33 A254112.

2197 3237 221 24 RANGANATHAN
2446 3232 151 35 (SABADA)
2623 3234 181 24 ENDOWMENT
2828 3232 57 24 FOR

2239 3272 139 23 LIBRARY
2400 3271 156 23 SCIENCE.
2604 3270 56 23 See
2685 3268 118 23 SARADA

2238 3305 221 24 RANGANATHAN
2482 3303 180 24 ENDOWMENT
2686 3301 57 23 FOR
2767 3300 140 25 LIBRARY

2239 3338 155 24 SCIENCE.

2182 3421 110 30 RANIS,
2325 3421 114 25 PETER.

2223 3453 76 24 Five
2325 3454 97 23 Latin
2446 3453 161 23 American
2628 3451 154 26 nations:
2810 3455 19 17 a

2264 3455 647 60 comparative
2448 3486 178 29 political
2651 3486 111 28 study.
2811 3485 58 23 New

2264 3517 667 32 York, Macmillan. 337 p. © Peter
2264 3555 111 27 Ranis;
2405 3550 118 32 24May77;
2588 3547 155 33 A288326.
