2363 3342
125 117 59 24 1420

119 236 169 24 UNIVERSITY
307 239 32 21 OP
358 238 166 31 MINNESOTA,
547 241 200 24 MINNEAPOLIS.

153 266 119 22 GENERAL
288 268 154 23 EXTENSION
459 271 150 23 DIVISION.
649 273 81 23 DEPT.

151 295 33 21 OF
204 296 186 23 INDEPENDENT
408 299 182 22 STUDY.-Con.

164 330 169 27 Management
354 332 47 21 and
421 332 205 28 organization
644 333 102 21 within

199 360 49 21 the
266 360 102 23 health
386 366 66 17 care
473 361 146 27 facility.
661 363 100 22 Course

199 389 28 22 1:
248 388 168 29 Management
439 391 48 20 and
506 390 205 29 organization

197 418 103 22 within
320 419 46 21 the
385 419 136 27 hospital
542 420 48 20 and
610 420 101 22 health
731 425 65 16 care

199 446 144 27 facility.
385 448 66 22 Unit
471 444 29 30 6,
524 450 32 24 by
574 450 28 20 R.
626 450 27 20 R.
677 451 131 20 Kovener.

200 475 30 22 2d
250 476 43 21 ed.
336 476 66 26 1970
420 477 44 21 ed.
506 478 31 25 33
558 483 26 20 p.
630 475 62 31 (The
197 471 581 67 Independent
336 506 83 25 study
436 510 121 23 program
576 507 48 21 for
642 506 137 28 hospital

198 534 49 21 and
265 534 101 23 health
386 540 65 17 care
473 535 133 27 facility
199 530 543 67 administrators)
368 565 153 23 Conducted
540 566 34 25 by
592 564 170 28 Continuing

203 598 136 27 Hospital
357 598 50 21 and
426 598 102 23 Health
547 600 66 21 Care
633 600 165 22 Education.

201 628 20 20 ©
237 626 171 27 University
426 628 33 21 of
477 627 166 28 Minnesota;
668 628 130 26 22Dec70;

202 652 133 29 A224901.

148 693 169 27 Management
338 695 47 20 and
406 695 203 28 organization
627 697 104 22 within

184 722 48 20 the
252 722 100 21 health
372 728 65 17 care
458 724 146 27 facility.
647 727 100 21 Course

184 750 27 22 1:
233 751 169 27 Management
423 753 49 20 and
491 753 206 28 organization

182 779 102 22 within
303 781 48 20 the
370 781 136 26 hospital
526 783 48 20 and
593 783 101 22 health
715 789 66 16 care

184 808 146 27 facility.
371 811 65 21 Unit
456 807 50 28 7-8,
542 813 34 24 by
593 813 28 21 W.
645 813 100 22 Dennis

182 837 147 23 Pederson.
371 840 31 20 2d
422 840 44 21 ed.
509 840 65 26 1971
594 842 44 21 ed.
681 843 13 20 1
713 848 29 16 v.

186 863 61 31 (The
270 866 182 29 Independent
474 870 85 24 study
575 874 122 23 program
715 872 49 20 for

180 894 137 27 hospital
337 897 48 20 and
403 896 103 22 health
524 903 67 15 care
611 899 137 25 facility

181 920 250 33 administrators)
473 925 152 24 Conducted
644 927 34 26 by

186 953 168 27 Continuing
373 955 134 26 Hospital
529 957 47 20 and
596 958 102 21 Health
717 959 66 20 Care

184 983 163 23 Education.
386 984 21 20 ©
423 983 172 28 University
613 986 33 20 of
185 980 563 63 Minnesota;
287 1012 113 27 5Feb71;
423 1008 131 31 A224903.

152 1044 168 27 Management
341 1048 48 20 and
409 1049 204 27 organization
631 1053 102 22 within

185 1073 48 21 the
252 1074 102 21 health
373 1082 65 16 care
460 1078 146 28 facility.
648 1082 100 21 Course

186 1101 27 22 1:
235 1103 169 28 Management
425 1106 49 21 and
493 1109 205 26 organization

184 1131 101 22 within
306 1134 47 19 the
371 1136 136 25 hospital
527 1138 49 20 and
595 1140 103 21 health
716 1146 66 17 care

184 1160 147 28 facility.
370 1164 84 22 Units
475 1165 15 25 9
508 1167 17 20 &
545 1167 44 25 10,
611 1169 35 25 by
664 1170 119 22 Barbara

183 1189 113 23 Killen.
339 1192 30 21 2d
390 1194 42 20 ed.
475 1195 66 25 1971
560 1197 44 21 ed.
648 1198 13 20 1
681 1205 26 15 v.

186 1215 63 31 (The
270 1219 184 28 Independent
475 1224 84 26 study
575 1230 122 23 program
716 1228 48 22 for

180 1247 137 27 hospital
336 1250 50 21 and
404 1251 102 22 health
525 1258 65 16 care
612 1255 135 27 facility

182 1273 250 33 administrators)
474 1281 151 22 Conducted
643 1284 35 25 by
181 1279 566 69 Continuing
317 1319 134 27 Hospital
471 1322 17 20 &
506 1321 101 23 Health
627 1325 64 20 Care
181 1318 581 56 Education.
331 1348 19 19 ©
368 1349 171 27 University
557 1352 33 19 of
609 1353 166 27 Minnesota;

179 1375 101 27 5Apr71
303 1374 46 30 (in
366 1378 116 23 notice:
506 1377 97 32 1970);
625 1382 66 26 A235
695 1383 61 26 251.

144 1412 169 27 Management
334 1417 47 20 and
402 1419 205 26 organization
624 1423 103 22 within

180 1441 47 21 the
247 1443 101 22 health
368 1451 64 16 care
452 1448 150 28 facility.
641 1453 101 21 Course
762 1454 28 22 2:

177 1470 237 25 Administrative
435 1477 48 19 and
503 1478 205 27 professional

179 1499 218 29 relationships
416 1505 102 22 within
538 1508 48 20 the
607 1510 148 26 hospital.

177 1527 66 22 Unit
263 1529 28 26 1,
314 1530 33 25 by
363 1533 68 19 Arne
451 1534 131 22 Sorlien.
622 1538 67 21 Unit
709 1539 29 25 2,

175 1556 34 26 by
227 1558 102 22 Thelma
347 1560 101 23 Carlow
468 1563 96 27 Sandy.
606 1567 48 20 1st
675 1569 44 20 ed.

176 1585 15 19 2
210 1592 28 15 v.
284 1585 60 30 (The
366 1591 185 27 Independent
571 1595 85 25 study
674 1602 119 22 program

175 1614 50 21 for
244 1616 134 27 hospital
398 1620 49 20 and
466 1621 103 22 health
587 1628 65 17 care
674 1626 136 26 facility

175 1643 249 32 administrators)
463 1650 20 19 ©
500 1650 172 28 University
691 1655 32 20 of

170 1682 167 28 Minnesota;
360 1686 114 27 1Sep70,
496 1686 132 31 A207978;
653 1692 114 27 2Oct70,

171 1706 131 30 A207982.

134 1740 181 28 [Management
337 1743 47 21 and
403 1744 205 28 organization
625 1747 103 21 within

163 1770 49 21 the
231 1771 102 21 health
351 1777 66 16 care
437 1772 148 28 facility]
626 1776 101 21 Course

164 1799 28 20 2:
214 1800 236 24 Administrative
471 1804 49 20 and
538 1804 206 27 professional

164 1828 218 28 relationships
402 1831 102 22 within
524 1834 48 18 the
592 1834 147 26 hospital.

162 1857 67 21 Unit
247 1859 30 25 3,
299 1859 35 24 by
350 1859 103 22 Thelma
471 1861 101 21 Carlow
591 1863 96 25 Sandy.

164 1885 48 21 1st
232 1887 44 21 ed.
318 1887 65 25 1970
403 1889 43 21 ed.
490 1889 13 20 1
521 1895 29 16 v.
596 1889 60 30 (The
162 1885 581 61 Independent
302 1917 82 25 study
401 1922 121 22 program
541 1919 48 21 for
607 1919 136 27 hospital

163 1944 48 20 and
230 1944 101 21 health
350 1950 65 17 care
437 1947 135 27 facility
162 1943 599 64 administrators)
284 1974 150 23 Conducted
453 1976 32 24 by
505 1976 170 27 Continuing
163 1973 579 64 Hospital
267 2007 17 20 &
302 2006 100 23 Health
421 2008 66 21 Care
507 2007 165 26 Education,
714 2011 32 20 On

165 2039 97 17 cover:
285 2037 99 21 Course
405 2037 45 21 II:
472 2036 238 24 Administrative

165 2064 50 20 and
232 2063 204 29 professional
457 2065 218 27 relationships

162 2091 104 22 within
285 2093 49 20 the
351 2093 149 27 hospital.
541 2096 46 20 NM:
165 2090 565 57 compilation
250 2122 19 19 &
286 2121 187 22 substantial
489 2127 49 17 new
559 2123 78 21 text.

161 2148 21 20 ©
199 2149 169 26 University
388 2150 32 19 of
439 2150 165 26 Minnesota;
629 2151 129 26 12Dec70;

164 2173 117 31 A235563.

127 2215 170 26 Management
318 2218 47 21 and
385 2221 205 26 organization
608 2224 102 22 within
730 2226 46 21 the

160 2243 103 22 health
282 2251 64 16 care
367 2248 147 28 facility.
556 2252 100 21 Course
675 2255 28 21 2:

161 2272 236 26 Administrative
418 2278 47 21 and
487 2279 203 28 professional

163 2301 217 30 relationships
399 2306 103 22 within
521 2309 47 20 the
590 2311 147 26 hospital.

159 2329 85 21 Units
263 2326 63 31 4-5,
347 2332 35 26 by
400 2334 67 21 John
484 2336 29 20 M.
538 2337 79 22 phin.
658 2339 48 21 1st
726 2340 43 21 ed.

159 2353 34 25 41
211 2364 27 19 p.
284 2357 59 30 (The
365 2361 187 28 Independent
572 2365 83 26 study
160 2365 564 51 program
246 2387 48 21 for
312 2388 136 28 hospital
468 2392 48 20 and
536 2394 101 20 health
657 2400 64 16 care

158 2414 136 28 facility
313 2416 251 33 administrators)
604 2424 151 22 Conducted

157 2443 35 25 by
209 2445 170 27 Continuing
396 2448 137 28 Hospital
551 2452 17 19 &
586 2452 102 22 Health

152 2483 66 21 Care
238 2483 165 23 Education.
442 2487 20 19 ©
478 2485 172 27 University
669 2488 31 20 of

152 2511 167 28 Minnesota;
342 2512 118 27 15Feb71
483 2511 46 31 (in
546 2515 116 21 notice:
686 2513 96 31 1970);

152 2536 131 30 A224900.

114 2575 169 26 Management
304 2576 47 21 and
371 2575 203 27 organization
593 2578 102 21 within

150 2603 48 22 the
217 2603 102 22 health
337 2609 66 16 care
424 2604 146 26 facility.
612 2607 100 21 Course

151 2633 26 19 2:
200 2632 237 24 Administrative
458 2634 49 21 and
524 2633 205 29 professional

149 2660 219 27 relationships
386 2661 104 23 within
509 2664 48 19 the
576 2662 147 28 hospital.

148 2690 67 21 Unit
233 2690 30 24 7,
286 2691 33 23 by
337 2690 134 22 Theodore
492 2691 146 22 Heimarck.

150 2718 48 21 1st
218 2719 44 20 ed.
303 2719 65 24 1971
389 2720 43 20 ed.
475 2720 14 19 1
508 2726 27 14 v.
580 2718 63 30 (The
147 2714 582 65 Independent
287 2748 82 25 study
386 2752 121 23 program
526 2749 49 20 for
593 2748 136 27 hospital

150 2776 48 20 and
217 2776 102 21 health
337 2781 66 16 care
424 2776 135 28 facility
149 2772 545 66 administrators)
320 2804 152 24 Conducted
490 2807 35 25 by
543 2806 170 26 Continuing

151 2837 136 27 Hospital
306 2839 17 19 &
340 2838 100 22 Health
460 2840 66 21 Care
546 2838 164 23 Education.

150 2866 19 19 ©
186 2865 170 27 University
375 2867 32 20 of
426 2867 165 26 Minnesota;
614 2867 115 26 5Mar71;

152 2890 130 31 A237845.

916 245 181 29 [Management
1117 249 49 20 and
1185 250 204 27 organization
1409 252 101 22 within

946 275 48 21 the
1013 275 102 22 health
1134 281 66 17 care
1220 276 147 30 facility]
1408 282 101 21 Course

946 303 27 22 2:
997 304 236 25 Administrative
1253 308 49 21 and
1322 308 204 29 professional

945 332 219 28 relationships
1184 336 102 21 within
1307 337 47 21 the
1374 338 147 26 hospital.

944 361 67 22 Unit
1030 357 28 30 8,
1080 363 35 25 by
1133 364 66 21 Jane
1218 366 97 21 Jones.
1356 366 48 22 1st
1425 367 44 21 ed.

945 389 65 25 1971
1030 391 44 21 ed.
1116 391 14 20 1
1150 398 27 15 v.
1222 390 61 31 (The
1305 394 185 28 Independent

946 418 83 26 study
1046 423 120 23 program
1184 421 49 22 for
1251 423 136 27 hospital
1407 425 49 19 and

942 446 101 22 health
1063 453 65 16 care
1150 451 135 26 facility
1303 448 251 33 administrators)

943 475 152 23 Conducted
1114 478 34 25 by
1167 480 169 26 Continuing
1355 481 135 28 Hospital
1509 483 17 20 &

942 511 100 22 Health
1061 513 67 21 Care
1146 514 166 23 Education.
1354 517 32 21 On
1405 522 96 17 cover:

942 541 98 22 Course
1062 542 45 21 II:
1130 542 237 24 Administrative
1387 545 49 20 and
943 543 561 53 professional
1114 570 218 28 relationships
1352 573 102 21 within
1474 575 48 19 the

940 597 148 27 hospital.
1125 599 21 20 ©
1163 600 171 27 University
1352 602 33 20 of
942 597 545 62 Minnesota;
1041 628 103 26 7Apr71
1168 627 45 30 (in
1232 630 113 22 notice:
1370 628 96 32 1970);

941 655 129 28 A235252.

907 684 133 23 Problems
1063 687 31 20 of
1112 687 137 23 American
1268 689 166 26 democracy,
1456 690 27 25 B;

942 714 67 26 high
1028 715 100 22 school
1150 716 99 22 social
1269 717 116 23 studies
1406 719 15 19 2
1445 715 93 30 (9912-

942 740 96 31 R1070)
1060 745 36 25 by
1112 745 68 21 Fred
1199 746 131 22 Johnson.
1371 746 67 26 1970
1457 747 44 21 ed.

942 768 51 25 116
1010 779 28 19 p.
1075 773 21 20 ©
1113 773 169 28 University
1302 775 32 21 of
1353 775 165 27 Minnesota;

942 801 130 27 22Oct70;
1095 798 131 31 A207980.

876 883 170 25 UNIVERSITY
1064 887 33 23 OF
1114 889 167 31 MINNESOTA,
1303 893 201 25 MINNEAPOLIS.

909 913 135 24 GRADUATE
1063 917 103 23 SCHOOL
1183 920 34 21 OF
1234 922 135 22 BUSINESS
909 918 597 55 ADMINISTRATION.

909 971 100 23 Toward
1029 979 13 16 a
1060 975 103 23 modern
1180 978 102 26 public
1303 982 113 21 sector:
1438 983 102 25 public

940 1002 102 27 policy
1062 1004 201 24 alternatives
1287 1009 29 21 to
1336 1009 152 24 Galbraith

942 1031 48 21 and
1010 1033 130 21 Drucker.
1181 1035 49 22 See
1249 1037 184 29 WEIDENBAUM,

938 1058 105 24 MURRAY
1059 1062 29 21 L.

881 1116 170 26 UNIVERSITY
1069 1123 34 21 OP
1119 1125 168 31 MINNESOTA,
1308 1132 168 26 ROCHESTER.

914 1147 136 25 GRADUATE
1067 1153 116 25 SCHOOL.
1220 1158 69 23 MAYO
1308 1162 171 26 FOUNDATION
1497 1168 50 22 FOR

911 1178 494 37 MEDICAL EDUCATION & RESEARCH.
948 1208 98 24 Clinical
1066 1217 203 23 examinations
1289 1219 33 22 in
1338 1225 169 25 neurology.

944 1238 49 22 See
1012 1241 68 23 MAYO
1099 1244 115 29 CLINIC,
1235 1249 168 30 ROCHESTER,
1424 1255 81 23 MINN.

874 1290 172 26 UNIVERSITY
1062 1295 34 22 OF
1112 1297 202 32 MISSISSIPPI,
1337 1304 181 24 UNIVERSITY.

906 1321 15 22 A
943 1324 151 28 directory
1114 1328 31 21 of
1164 1329 187 29 Mississippi
942 1330 597 51 municipalities.
1061 1355 48 21 See
1129 1357 131 29 VAUGHAN,
1283 1361 102 23 DONALD
1404 1364 26 20 S.

874 1398 169 25 UNIVERSITY
1063 1402 32 22 OF
1112 1404 200 32 MISSISSIPPI,
1336 1411 171 24 UNIVERSITY

907 1430 102 21 BUREAU
1027 1433 32 19 OF
1078 1434 204 24 GOVERNMENTAL
1300 1439 147 24 RESEARCH.

904 1459 17 19 A
941 1460 152 28 directory
1111 1464 33 21 of
1162 1465 187 30 Mississippi
939 1466 599 50 municipalities.
1059 1491 48 21 See
1127 1493 131 29 VAUGHAN,
1281 1497 102 23 DONALD
1402 1501 26 20 S.

863 1535 173 26 UNIVERSITY
1051 1539 35 23 OF
1101 1540 323 27 MISSOURI—COLUMBIA.

897 1566 205 24 AGRICULTURAL
1120 1570 171 23 EXPERIMENT
1309 1574 130 23 STATION.

898 1594 117 23 Stadler
1034 1597 134 27 genetics
1190 1600 148 27 symposia:
1361 1602 47 22 1st

933 1626 164 27 symposium,
1117 1630 54 24 May
1188 1629 80 27 9-10,
1291 1626 79 30 1969.
1410 1634 50 21 See

931 1656 114 27 KIMBER,
1067 1658 114 22 GORDON.

844 1708 170 25 UNIVERSITY
1033 1714 32 21 OF
1083 1716 321 32 MISSOURI—COLUMBIA.

877 1738 153 24 EXTENSION
1048 1743 149 26 DIVISION.
1239 1750 186 26 INDEPENDENT

876 1767 85 22 STUDY
978 1770 81 23 DEPT.

877 1796 185 31 Infertility
1082 1805 47 19 and
1149 1806 136 29 breeding
1306 1814 149 23 soundness

910 1828 185 24 examination
1116 1834 31 21 of
1167 1836 48 20 the
1233 1838 81 23 bull.
1355 1842 14 20 1
1389 1849 15 15 v

907 1855 81 26 Appl.
1012 1860 111 22 author:
1147 1864 136 24 Clarence
1301 1870 183 28 Bierschwal,

908 1884 112 24 editor.
1058 1888 19 21 ©
1095 1891 134 24 Curators
1251 1897 31 20 of
1302 1899 47 20 the
907 1895 563 51 University
993 1916 30 19 of
1042 1917 148 31 Missouri;
1215 1923 130 30 27Feb70;
1367 1926 133 30 A205461.

843 1972 170 24 UNIVERSITY
1032 1976 32 21 OF
1080 1977 150 22 MISSOURI.
1272 1980 146 23 CURATORS.

876 2002 84 21 Adolf
980 2004 66 21 Dehn
1064 2006 150 26 drawings.
1253 2009 47 21 See
1320 2011 83 27 DEHN,
1422 2012 99 22 ADOLF.

884 2034 133 22 Behavior
1037 2036 115 28 therapy
1176 2039 214 29 bibliography,
1414 2044 82 26 1950-

918 2062 78 28 1969.
1036 2067 48 20 See
1104 2067 115 28 MORROW,
1239 2070 121 22 WILLIAM
1378 2073 28 20 R.

885 2101 18 18 A
920 2101 137 22 hundreth
1076 2104 117 22 sundrie
1213 2107 128 22 flowres.
1383 2111 48 21 See

921 2130 163 29 GASCOIGNE,
1109 2134 112 23 GEORGE.

881 2163 181 27 Imagemaker:
1085 2167 69 22 Will
1172 2171 101 24 Rogers
1291 2171 51 21 and
1363 2173 48 21 the
916 2170 583 50 American
1001 2195 95 21 dream.
1138 2198 48 21 See
1205 2200 97 27 BROWN,
1326 2203 120 22 WILLIAM
1466 2206 28 21 R.

885 2225 185 30 Infertility
1089 2232 47 20 and
1158 2234 134 28 breeding
1313 2240 150 24 soundness

919 2256 185 24 examination
1123 2262 32 20 of
1173 2264 49 21 the
1240 2266 81 22 bull.
1363 2269 48 22 See

916 2285 171 25 UNIVERSITY
1105 2291 32 20 OF
1155 2293 306 30 MISSOURI—COLUMBIA
1469 2318 6 5 .

916 2313 152 26 EXTENSION
1084 2319 150 26 DIVISION.
1275 2325 188 27 INDEPENDENT

915 2343 84 22 STUDY
1015 2346 80 23 DEPT.

880 2377 84 25 Paper
985 2380 127 24 flowers.
1155 2386 47 20 See
1222 2388 96 27 WOLFF,
1342 2391 77 23 EGON.

884 2416 50 20 The
954 2417 150 23 reformers
1125 2421 48 21 and
1193 2423 48 21 the
1261 2424 137 24 American

920 2446 111 22 Indian.
1074 2449 46 20 See
1140 2451 133 28 MARDOCK,
1296 2454 101 22 ROBERT

918 2474 129 23 WINSTON.

880 2501 118 22 Stadler
1016 2505 134 26 genetics
1172 2508 147 27 symposia:
1343 2511 47 21 1st

916 2533 162 26 symposium,
1099 2536 52 25 May
1171 2536 78 26 9-10,
1274 2534 78 29 1969.
1393 2542 49 19 See

913 2561 113 28 KIMBER,
1048 2563 116 23 GORDON.

842 2615 170 26 UNIVERSITY
1030 2620 33 23 OF
1081 2622 136 26 NEBRASKA
1236 2627 183 27 FOUNDATION.

876 2647 83 22 James
979 2650 101 22 Weldon
1098 2653 132 23 Johnson.
1271 2658 48 21 See

910 2676 113 28 FELTON,
1045 2680 103 23 HAROLD
1166 2684 27 20 W.

840 2732 173 24 UNIVERSITY
1030 2736 32 22 OF
1080 2738 134 23 NEBRASKA
1235 2742 95 23 PRESS.

874 2761 199 29 Aureng-Zebe.
1115 2768 48 20 See
1183 2770 113 27 DRYDEN,
1320 2773 79 22 JOHN.

875 2793 48 21 The
942 2795 66 21 blue
1028 2797 96 22 clown:
1149 2801 164 27 dialogues.
1354 2807 49 21 See

909 2823 117 22 CENTENO
1044 2826 18 21 Y
1079 2828 113 27 RILOVA,
1216 2832 130 24 AUGUSTO.

854 2854 151 22 Collected
1026 2856 81 22 short
1128 2859 130 28 fiction,
1283 2859 151 31 1892-1912.

886 2882 50 22 See
955 2884 115 28 CATHER,
1091 2888 99 22 WILLA.

866 2915 15 21 A
901 2918 185 22 concordance
1108 2922 31 20 to
1159 2923 47 20 the
1228 2926 99 24 poetry
1347 2928 30 19 of
1396 2930 28 20 D.
1448 2930 28 21 H.

901 2947 147 21 Lawrence.
1088 2951 50 20 See
1156 2952 114 27 GARCIA,
1293 2955 97 23 RELOY.

1657 241 116 22 Defense
1794 245 33 19 of
1844 250 97 23 poesy.
1982 249 49 21 See
2051 251 114 27 SIDNEY,

1689 271 50 22 SIR
1759 273 114 24 PHILIP.

1666 301 118 29 Hungary
1803 306 31 21 in
1854 310 183 29 revolution,
2060 313 131 29 1913-19.
2232 323 47 20 See

1697 331 134 31 VOLGYES,
1854 337 80 29 IVAN,
1955 342 46 21 ed.

1671 363 82 26 Njals
1775 370 80 22 saga:
1878 374 15 15 a
1912 370 137 28 literary
2064 375 202 29 masterpiece.

1704 394 166 30 SVEINSSON,
1893 399 86 22 EINAR
1998 402 112 23 OLAFUR.

1654 430 48 22 The
1724 433 66 22 tall
1810 435 114 23 candle.
1963 438 51 21 See
2031 440 118 29 MOISES,
2169 443 134 25 ROSALIO.

1670 470 203 24 Wordsworth's
1894 476 82 26 dirge
1996 478 49 21 and
2064 481 132 26 promise.
2237 485 48 21 See

1704 501 114 28 THOMAS,
1840 504 103 23 GORDON
1961 508 80 21 KENT.

1663 534 48 20 The
1731 536 83 21 world
1835 538 49 20 and
1904 540 48 20 the
1973 542 114 25 parish.
2129 545 48 22 See

1698 563 114 29 CATHER,
1834 568 98 21 WILLA.

1630 612 172 26 UNIVERSITY
1820 616 34 21 OF
1872 616 135 24 NEBRASKA
2026 619 97 23 PRESS.
2164 620 49 23 See

1666 644 135 24 NEBRASKA
1820 647 154 22 SYMPOSIUM
1992 649 34 22 ON
2041 650 185 28 MOTIVATION,

1698 674 82 26 1970.

1628 725 170 24 UNIVERSITY
1818 728 32 22 OF
1868 730 135 23 NEBRASKA
2022 734 185 29 TELEVISION,

1661 756 130 24 LINCOLN.

1661 786 47 20 The
1728 787 85 21 black
1833 789 147 22 frontier.
2022 793 48 20 See
2091 793 148 28 CROMWELL,

1694 814 114 28 ARTHUR,
1831 817 45 21 JR.

1621 865 172 26 UNIVERSITY
1813 870 32 21 OF
1862 871 102 22 NEVADA
1984 873 96 23 PRESS.

1656 896 15 21 A
1691 896 67 22 book
1777 899 32 20 of
1829 900 47 21 the
1895 902 134 27 Basques.
2070 905 49 21 See
2137 906 116 30 GALLOP,

1689 927 114 22 RODNEY.

1660 958 118 21 Lincoln
1797 960 113 26 County,
1934 962 115 22 Nevada:
2072 959 164 31 1364-1909.

1692 987 49 22 See
1761 989 98 27 HULSE,
1882 991 82 21 JAMES
1983 993 30 19 W.

1664 1023 132 22 Restless
1818 1026 164 26 strangers.
2025 1028 47 20 See
2095 1029 180 28 SHEPPERSON,

1696 1051 103 23 WILBUR
1818 1054 26 21 S.

1639 1119 171 22 UNIVERSITY
1830 1121 31 20 OF
1881 1120 113 25 NEVADA,
2017 1121 81 23 RENO.
2138 1121 103 21 DESERT

1674 1148 137 23 RESEARCH
1830 1148 165 23 INSTITUTE.
2035 1150 50 20 See
2103 1150 103 21 DESERT

1673 1177 137 22 RESEARCH
1830 1177 164 25 INSTITUTE,
2017 1179 81 25 RENO,
2122 1179 62 22 NEV.

1619 1242 174 24 UNIVERSITY
1811 1245 32 20 OF
1861 1246 115 27 NEVADA,
1999 1248 79 22 RENO.
2120 1250 120 22 GENERAL

1654 1270 174 22 UNIVERSITY
1843 1272 166 23 EXTENSION.

1656 1298 185 23 Pace-Setter
1861 1302 68 25 high
1947 1303 187 27 performance
1688 1304 567 56 management,
1792 1330 33 24 by
1844 1330 82 22 James
1945 1332 29 21 W.
1999 1333 113 22 Newman.
2155 1335 25 22 J.
2203 1337 29 21 W.

1690 1356 100 23 Newman
1810 1359 77 25 Corp.
1929 1360 82 22 Loose
2018 1363 76 21 leaf.
2137 1364 43 22 NM:

1687 1386 167 27 revisions,
1878 1389 170 23 additional
2066 1392 67 21 text
2153 1393 18 22 &
1688 1388 618 54 pictorial
1738 1416 114 21 matter.
1893 1419 19 19 ©
1929 1419 26 21 J.
1978 1420 29 21 W.
2032 1421 101 21 Newman
2153 1423 96 26 Corp.;

1687 1443 132 27 30Nov70;
1843 1446 130 27 A213052.

1654 1485 185 23 Pace-Setter
1860 1489 66 24 high
1945 1490 186 26 performance
1686 1490 565 53 management
1774 1516 164 24 chartbook.
1980 1519 27 21 J.
2029 1520 30 20 W.
2083 1519 101 23 Newman
2205 1521 77 26 Corp.

1687 1544 166 23 Looseleaf.
1892 1547 81 26 Appl.
1995 1547 117 22 author;
2135 1550 82 21 James
2234 1550 32 21 W.

1687 1573 112 22 Newman.
1841 1574 45 23 NM:
1911 1576 164 22 revisions.
2116 1578 19 20 ©
2152 1579 26 20 J.
2200 1579 29 21 W.

1687 1602 101 23 Newman
1808 1604 95 26 Corp.;
1927 1604 132 27 30Nov70;
2082 1601 130 31 A213054.

1659 1640 184 23 Pace-Setter
1864 1644 67 25 high
1950 1645 185 27 performance
1690 1646 566 50 management
1778 1671 146 25 planbook.
1968 1673 25 20 J.
2016 1674 29 21 W.
2070 1674 101 23 Newman
2192 1676 77 27 Corp.

1688 1696 33 25 77
1741 1703 29 20 p.
1798 1695 180 33 (looseleaf)
2017 1702 80 27 Appl.
2121 1704 115 22 author:

1691 1726 81 21 James
1791 1727 29 22 W.
1845 1728 113 23 Newman.
2000 1730 45 22 NM:
2069 1731 165 28 revisions,

1690 1755 170 24 additional
1879 1758 65 21 text
1965 1760 17 20 &
2000 1759 152 28 pictorial
2171 1763 114 21 matter.

1688 1783 20 21 ©
1724 1785 27 21 J.
1772 1785 31 22 W.
1826 1787 104 21 Newman
1947 1788 98 27 Corp.;
2067 1789 133 27 30Nov70;

1688 1812 131 27 A213051.

1614 1881 171 25 UNIVERSITY
1805 1887 32 19 OF
1855 1888 101 22 NEVADA
1976 1890 112 23 SYSTEM.
2130 1894 102 22 DESERT

1648 1911 136 23 RESEARCH
1804 1915 163 24 INSTITUTE.
2009 1919 49 21 See
2079 1921 101 23 DESERT

1646 1940 139 24 RESEARCH
1802 1944 167 27 INSTITUTE,
1991 1948 81 26 RENO,
2096 1952 62 20 NEV.

1612 1997 171 26 UNIVERSITY
1802 2004 32 19 OF
1853 2005 102 22 NEVADA
1972 2008 114 24 SYSTEM.
2126 2013 120 23 WESTERN

1646 2028 118 22 STUDIES
1783 2032 113 23 CENTER.
1937 2036 103 23 DESERT
2058 2040 136 23 RESEARCH

1646 2057 163 24 INSTITUTE.
1851 2063 48 20 See
1920 2064 102 23 DESERT
2040 2068 137 24 RESEARCH

1645 2085 166 30 INSTITUTE,
1833 2091 81 26 RENO,
1938 2095 63 21 NEV.

1606 2146 170 23 UNIVERSITY
1794 2150 34 19 OF
1847 2150 49 20 NEW
1913 2151 116 27 MEXICO,
2052 2153 199 26 ALBUQUERQUE.

1641 2177 101 21 BUREAU
1759 2178 35 21 OF
1812 2179 135 22 BUSINESS
1965 2181 150 22 RESEARCH.

1639 2205 133 22 Economic
1794 2207 101 26 growth
1915 2208 48 21 and
1983 2209 48 21 the
2053 2210 117 27 banking
2191 2214 112 24 system.

1675 2234 46 22 See
1742 2235 150 28 LOMBARDI,
1911 2238 105 22 WALTER
2034 2240 28 20 G.

1603 2297 172 25 UNIVERSITY
1793 2301 33 21 OF
1844 2301 51 22 NEW
1912 2303 102 23 MEXICO
2033 2305 97 22 PRESS.

1638 2329 82 21 First
1737 2330 70 22 mail
1824 2332 83 22 West.
1946 2334 50 20 See
2014 2335 116 27 TAYLOR,
2151 2336 104 23 MORRIS
2274 2339 28 20 F.

1635 2366 49 20 The
1704 2367 82 26 image
1807 2368 32 20 of
1856 2369 133 22 Arizona:
2011 2371 135 26 pictures
2167 2372 67 20 from

1670 2395 47 21 the
1736 2397 81 26 past.
1857 2399 48 20 See
1925 2399 132 27 WALLACE,
2079 2400 115 23 ANDREW.

1637 2429 99 21 Indian
1755 2430 134 26 painters
1910 2430 16 20 &
1944 2432 84 21 white
2048 2433 130 26 patrons.

1670 2459 47 20 See
1738 2459 97 26 BRODY,
1858 2461 27 19 J.
1910 2461 28 21 J.

1628 2487 49 19 The
1695 2488 67 20 last
1783 2489 78 21 face:
1883 2490 84 25 Emily
1987 2491 188 23 Dickinson's
1661 2492 585 56 manuscripts.
1851 2518 47 20 See
1916 2518 117 29 WYLDER,
2055 2521 99 22 EDITH.

1638 2550 132 23 Politics
1791 2554 50 19 and
1862 2554 116 27 society
1999 2555 32 22 in
2047 2557 117 23 Mexico.
2204 2560 47 21 See

1670 2579 134 28 NEEDIER,
1824 2582 103 23 MARTIN
1946 2585 27 20 C.

1636 2615 47 20 The
1704 2616 84 22 Santa
1806 2618 30 19 Fe
1858 2618 96 21 Trail:
1978 2624 15 15 a
2013 2620 169 22 historical

1668 2643 219 29 bibliography.
1927 2648 47 19 See
1993 2647 204 29 RITTENHOUSE,

1670 2674 68 21 JACK
1755 2676 27 20 D.

1634 2712 82 21 Swift
1737 2713 47 21 and
1807 2714 202 29 scatological
2030 2717 113 21 satire.
2183 2720 48 19 See

1668 2741 61 27 LEE,
1754 2742 49 22 JAE
1821 2744 63 21 NUM.

1630 2773 99 22 Tierra
1747 2777 148 22 Amarilla.
1937 2781 48 20 See
2005 2782 148 28 ULIBAERI,

1662 2803 101 21 SABINE
1781 2806 29 21 R.

1600 2847 171 26 UNIVERSITY
1790 2852 32 21 OF
1841 2852 83 24 NORTH
1943 2855 135 23 CAROLINA
2096 2858 34 22 AT
2149 2859 101 24 CHAPEL

1633 2879 79 22 HILL.

1632 2908 100 21 Dental
1753 2910 164 27 assisting.
1959 2914 47 21 See
2028 2916 170 23 UNIVERSITY

1668 2937 31 20 OF
1718 2939 83 21 NORTH
1821 2940 135 23 CAROLINA
1973 2943 35 22 AT
2027 2945 101 21 CHAPEL
2145 2947 80 22 HILL.

1666 2965 171 24 UNIVERSITY
1853 2971 154 23 EXTENSION
2025 2974 148 24 DIVISION.

1665 2995 103 22 BUREAU
1786 2998 32 20 OF
1836 2998 237 25 CORRESPONDENCE
1665 2999 545 52 INSTRUCTION.
