2363 3342
33 147 53 21 1421

56 241 80 22 Music
159 245 12 14 c
191 240 44 21 21:
260 240 202 22 Fundamentals
483 241 31 19 of
533 241 96 20 music.

91 270 47 21 See
158 269 170 21 UNIVERSITY
347 268 32 20 OF
396 269 86 21 NORTH
500 268 135 23 CAROLINA

90 298 34 22 AT
141 298 103 21 CHAPEL
261 298 77 21 HILL.
379 297 173 22 UNIVERSITY

90 298 512 51 EXTENSION
228 326 145 22 DIVISION.
416 327 100 21 BUREAU
536 327 32 21 OF

91 356 237 22 CORRESPONDENCE
346 354 199 23 INSTRUCTION.

28 411 167 23 UNIVERSITY
214 411 35 20 OF
268 409 82 22 NORTH
369 411 135 21 CAROLINA
523 412 32 20 AT
574 412 101 21 CHAPEL

62 441 77 21 HILL.
181 440 47 20 See

61 471 49 19 THE
129 469 119 20 YACKETY
265 468 78 21 YACK.

36 519 169 26 UNIVERSITY
224 521 32 20 OF
275 518 84 23 NORTH
378 518 134 23 CAROLINA
532 519 33 22 AT
584 519 102 22 CHAPEL

70 550 78 22 HILL.
190 549 134 21 CAROLINA
343 548 171 21 POPULATION
533 549 113 22 CENTER.

71 579 115 21 Culture
207 579 48 19 and
275 577 182 26 population:
482 583 12 14 a
516 577 168 22 collection

104 608 32 21 of
155 608 117 19 current
294 606 129 22 studies.
463 607 48 20 See
532 606 115 27 PQLGAR,

104 636 115 27 STEVEN,
242 636 44 20 ed.

62 668 154 25 Declining
233 667 171 26 population
423 669 100 23 growth
544 668 164 21 revisited.

98 698 47 20 See
167 697 147 26 SPENGLER,
337 696 101 21 JOSEPH
458 697 27 20 J.

62 728 168 22 Incentives
251 729 48 19 and
320 729 218 24 compensations
559 728 32 20 in
612 728 83 21 birth

97 757 147 26 planning.
285 756 48 20 See
353 756 131 26 POHLMAN,
506 756 114 23 EDWARD.

62 791 102 21 Modern
184 790 48 19 and
252 788 185 21 traditional
458 789 78 20 Iran.
577 787 48 20 See

98 818 165 27 PAYDARFAR,
286 818 47 20 ALI
355 818 27 21 A.

69 850 151 23 Potential
241 849 218 22 socioeconomic
480 853 202 21 consequences

103 880 31 22 of
153 880 119 25 planned
292 878 153 26 fertility
464 878 165 22 reduction:

103 909 84 22 North
207 908 185 21 Carolina—a
412 912 65 15 case
499 907 94 25 study.
634 907 49 19 See

104 940 97 26 DAVID,
224 939 28 21 A.
276 939 27 20 S.

72 971 184 24 Qualitative
278 970 167 21 evaluation
466 972 30 19 of
517 971 100 25 family

104 999 135 25 planning
258 998 152 26 proposals
431 1000 46 19 and
498 1004 148 21 programs:
671 1006 14 13 a

106 1028 115 25 systems
243 1028 146 25 approach.
431 1028 48 20 See
498 1028 185 28 MCLAUGHLIN,

105 1057 100 21 CURTIS
224 1057 28 21 P.

36 1105 171 23 UNIVERSITY
226 1105 31 21 OF
275 1104 85 21 NORTH
380 1103 133 22 CAROLINA
533 1102 32 22 AT
586 1102 102 22 CHAPEL

71 1136 79 21 HILL.
188 1135 82 21 DEPT.
294 1136 33 19 OF
344 1134 167 21 GEOGRAPHY.

72 1165 220 26 Congressional
313 1163 231 26 redistricting:
569 1163 48 19 the

105 1195 84 21 North
210 1194 133 20 Carolina
364 1193 181 24 experience.
586 1192 49 20 See

106 1224 63 26 ORR,
190 1224 119 20 DOUGLAS
327 1222 116 27 MILTON,
466 1223 45 20 JR.

38 1276 170 22 UNIVERSITY
227 1275 32 21 OF
278 1275 84 21 NORTH
380 1275 135 21 CAROLINA
534 1275 33 21 AT
587 1275 103 21 CHAPEL

71 1306 79 22 HILL.
190 1305 81 22 DEPT.
295 1306 32 20 OF
345 1305 200 22 MATHEMATICS.

72 1334 199 25 Proceedings.
314 1334 46 21 See
381 1334 136 20 CAROLINA
535 1334 169 22 CONFERENCE

108 1363 32 21 ON
158 1362 186 21 HOLOMORPHIC
363 1362 136 21 MAPPINGS
518 1363 16 19 &
553 1363 120 20 MINIMAL

107 1392 148 25 SURFACES,
280 1391 101 21 CHAPEL
399 1391 79 26 HILL,
502 1391 79 25 N.C.,
606 1390 77 26 1970.

26 1442 169 21 UNIVERSITY
218 1442 30 20 OF
267 1441 85 21 NORTH
372 1440 133 21 CAROLINA
525 1440 32 20 AT
577 1440 102 20 CHAPEL

59 1470 81 21 HILL.
181 1470 85 21 GROUP
286 1469 83 21 CHILD
389 1469 67 21 CARE
475 1468 168 22 CONSULTANT

61 1499 148 22 SERVICES.
251 1500 47 19 See
320 1498 84 21 GROUP
423 1498 83 20 CHILD
526 1497 66 21 CARE

61 1528 169 21 CONSULTANT
257 1526 148 22 SERVICES.

41 1580 168 23 UNIVERSITY
229 1580 32 21 OF
280 1579 84 22 NORTH
383 1578 135 22 CAROLINA
536 1578 34 22 AT
589 1578 103 21 CHAPEL

73 1610 80 22 HILL.
194 1609 203 21 PUBLICATIONS
417 1609 96 21 BOARD.
555 1608 48 20 See

72 1641 52 19 THE
142 1639 119 20 YACKETY
280 1639 79 21 YACK.

43 1703 173 23 UNIVERSITY
235 1702 33 21 OF
285 1701 85 21 NORTH
389 1699 135 22 CAROLINA
543 1698 34 21 AT
596 1697 102 21 CHAPEL

79 1732 79 21 HILL.
199 1729 172 23 UNIVERSITY
389 1728 153 21 EXTENSION
563 1725 146 22 DIVISION.

78 1760 103 22 BUREAU
202 1760 32 21 OF
253 1756 238 24 CORRESPONDENCE
511 1753 198 23 INSTRUCTION.

81 1789 101 22 Dental
202 1787 164 25 assisting.
409 1786 99 20 Course
530 1784 26 21 2:
116 1783 547 56 Secretarial
235 1816 184 27 procedures,
442 1816 34 22 by
494 1813 85 21 Helon
598 1812 26 20 P.

117 1847 117 22 Stewart
253 1848 16 19 &
290 1845 116 22 Eleanor
426 1844 27 21 A.
478 1842 112 22 Forbes.
634 1841 31 20 2d
686 1840 41 20 ed.

117 1876 49 21 112
184 1880 28 20 p.
255 1875 78 25 Appl.
357 1873 132 20 authors:
512 1871 84 25 Roger
615 1870 27 20 E.

115 1898 602 60 Barton, editor, & others. © University of North Carolina; 15Jan71;
116 1956 130 31 A218036.

83 1996 102 22 Dental
205 1995 163 25 assisting.
411 1994 100 20 Course
529 1993 29 24 3:
119 1993 529 53 Pre-clinical
275 2024 145 20 sciences.
462 2024 33 23 By
513 2021 120 22 William
651 2021 27 19 P.

118 2054 120 22 Webster
257 2055 16 19 &
290 2053 119 21 Matthew
427 2053 28 19 T.
478 2051 80 21 Wood.
602 2050 30 20 2d
652 2050 44 20 ed.

119 2079 547 58 1 v. © University of North Carolina; 10Feb71; A219205.
83 2147 100 22 Dental
204 2146 164 25 assisting.
410 2145 100 20 Course
529 2138 30 26 4:
582 2142 101 21 Dental

116 2175 153 22 materials
291 2175 48 20 and
358 2173 152 21 technical
529 2171 184 27 procedures.

118 2205 34 25 By
170 2205 84 19 Duane
274 2205 27 20 F.
325 2202 113 26 Taylor.
480 2202 32 20 2d
532 2201 44 20 ed.
618 2200 15 19 1
651 2204 28 15 v.

119 2233 79 26 Appl.
224 2233 129 20 authors:
377 2233 83 18 Duane
481 2232 27 19 F.
532 2229 114 26 Taylor,

120 2263 114 26 author,
257 2263 16 19 &
292 2262 83 25 Roger
395 2261 27 20 E.
446 2259 114 25 Barton,
585 2258 112 20 editor.

152 2287 495 29 © University of North Carolina;
119 2320 133 27 30Apr71;
275 2314 117 30 A236795.

82 2349 100 22 Dental
203 2348 163 25 assisting.
409 2348 100 19 Course
529 2346 29 24 5:
582 2344 134 21 Clinical

118 2378 146 21 sciences.
306 2379 32 24 By
357 2376 136 24 Benjamin
512 2377 28 19 R.
563 2374 84 20 Baker
667 2374 16 20 &

116 2407 122 21 William
255 2409 27 19 D.
307 2405 182 22 Strickland.
531 2405 15 19 1
563 2408 30 15 v.
634 2403 78 25 Appl.

119 2435 131 22 authors:
273 2436 83 24 Roger
376 2435 27 19 E.
428 2434 114 24 Barton,
566 2431 114 24 editor,
703 2432 16 19 &

118 2465 113 21 others.
273 2466 46 19 NM:
343 2463 164 23 additions,
532 2460 165 26 revisions,

118 2489 582 88 new illus. & new section examinations. © University of North Carolina; 15Feb71; A222238.
88 2585 101 21 Dental
210 2582 164 26 assisting.
415 2582 100 20 Course
535 2579 28 23 7:
588 2578 134 20 Clinical

124 2613 200 27 application.
363 2611 34 24 By
414 2610 122 20 William
553 2608 28 19 D.
124 2606 584 57 Strickland
208 2644 18 20 &
245 2640 134 26 Benjamin
399 2640 27 20 R.
451 2640 96 19 Baker.
588 2637 85 25 Roger
691 2637 28 19 E.

125 2671 113 26 Barton,
263 2670 112 20 editor.
418 2668 31 20 2d
470 2668 39 20 ed.
555 2666 13 19 1
588 2671 28 15 v.

159 2695 492 29 © University of North Carolina;
122 2727 134 28 30Apr71;
279 2721 131 30 A236824.

92 2767 119 25 History
230 2765 62 21 ell:
314 2764 119 21 Western
454 2759 205 23 civilization

128 2796 67 20 from
213 2794 118 21 ancient
351 2793 82 19 times
455 2792 31 19 to
507 2786 77 24 1600.
625 2789 16 18 A

128 2822 237 27 correspondence
386 2825 100 16 course
506 2817 136 27 prepared
660 2816 34 25 by

129 2853 118 21 Barbara
267 2851 117 22 Brandon
406 2847 232 24 Schnorrenberg.

129 2875 480 32 35 p. © University of North
130 2900 579 36 Carolina; 1Jan71 (in notice: 1970);
128 2939 132 26 A213152.

812 227 84 21 Music
917 233 13 15 c
951 228 44 20 21:
1018 226 201 22 Fundamentals
1240 226 32 19 of
1290 224 98 22 music.

849 255 132 27 Prepared
1001 256 32 24 by
1053 256 66 20 John
1136 255 85 25 Ralph
1240 254 131 25 Harding,

848 279 563 31 Jr. 69 p. © University of North
850 314 146 24 Carolina;
1021 314 115 23 17Mar71
1160 309 46 31 (in
1224 312 114 20 notice:
1363 308 94 30 1970);

849 337 129 30 A232998.

775 399 171 23 UNIVERSITY
964 400 33 21 OF
1016 400 82 21 NORTH
1117 398 133 23 CAROLINA
1271 398 96 22 PRESS.

809 429 154 21 Arthurian
981 430 181 24 propaganda:
1185 428 31 20 Le
1235 428 85 20 morte
1341 428 117 20 Darthur

845 463 30 15 as
896 464 32 14 an
946 458 169 21 historical
1136 457 81 21 ideal
1236 456 33 20 of
1289 456 78 21 life.

844 486 48 21 See
914 486 130 28 POCHODA,
1065 485 152 22 ELIZABETH
1236 485 28 21 T.

817 523 82 20 Cases
920 522 49 20 and
987 521 150 20 materials
1159 524 31 16 on
1209 518 48 20 the
1279 516 169 25 regulation

851 552 32 19 of
904 550 217 22 international
1141 548 82 21 trade
1244 548 49 19 and
851 546 561 55 investment.
971 579 48 20 See
1039 578 97 25 FULDA,
1159 576 66 21 CARL
1244 576 28 20 H.

830 609 187 23 Catholicism
1035 611 49 21 and
1102 610 152 27 political
1275 609 184 28 development

865 639 31 20 in
915 639 85 21 Latin
1016 638 131 21 America.
1189 638 48 20 See
1257 638 115 26 TURNER,

865 666 152 22 FREDERICK
1035 667 26 21 C.

818 700 49 25 Cry
887 701 66 19 from
972 699 46 19 the
1040 697 112 21 cotton.
1193 695 47 19 See
1261 694 115 25 GRUBBS,

852 729 101 21 DONALD
973 728 28 19 H.

823 763 48 20 The
893 762 112 21 double:
1029 765 15 15 a
1062 756 237 29 psychoanalytic
1321 754 95 26 study.

858 791 48 21 See
927 790 79 26 RANK,
1029 788 77 21 OTTO.

821 832 119 24 Foreign
959 828 167 26 enterprise
1148 826 31 21 in
1197 824 114 21 Mexico:
1336 823 64 21 laws

857 861 48 21 and
925 859 147 27 policies.
1113 857 47 20 See
1181 854 115 24 WRIGHT,
1317 852 86 22 HARRY
1421 852 27 19 K.

820 897 135 20 Governor
975 895 27 20 0.
1025 894 50 19 Max
1093 891 132 22 Gardner.
1266 890 48 19 See

855 923 149 26 MORRISON,
1026 921 103 21 JOSEPH
1146 921 28 20 L.

819 962 50 19 Man
890 961 66 19 from
975 958 46 20 the
1041 957 113 23 valley.
1195 953 48 20 See
1263 952 115 25 MILLER,

854 987 117 22 FRANCIS
992 984 128 22 PICKENS.

822 1023 34 25 My
875 1022 115 21 beloved
1011 1021 130 20 Zebulon:
1164 1019 48 21 the
857 1018 543 54 correspondence
943 1051 32 20 of
994 1049 116 21 Zebulon
1129 1048 82 22 Baird
1231 1048 85 20 Vance
1338 1048 45 19 and

857 1079 134 22 Harriett
1010 1078 100 22 Newell
1130 1078 78 25 Espy.
1250 1076 48 20 See
1317 1076 98 26 VANCE,

857 1109 118 21 ZEBULON
993 1108 96 20 BAIRD.

822 1150 49 21 The
891 1148 83 22 North
995 1147 134 21 Carolina
1148 1144 217 22 Continentals.
1406 1143 48 20 See

857 1178 115 27 RANKIN,
994 1177 67 20 HUGH
1078 1176 29 21 F.

829 1214 97 19 Parson
948 1211 150 24 Pettigrew
1118 1210 30 19 of
1170 1209 48 20 the
1238 1208 48 21 Old
1308 1207 112 22 Church:

863 1237 162 29 1744-1807.
1066 1240 49 21 See
1136 1239 113 26 LEMMON,
1272 1238 86 21 SARAH

861 1271 136 22 MCCULLOH.

828 1308 49 20 The
895 1307 136 26 partisan
1050 1306 113 21 leader.
1205 1305 47 19 See
1272 1304 116 26 TUCKER,

863 1335 153 22 NATHANIEL
1032 1334 149 21 BEVERLEY.

824 1371 65 21 Paul
909 1372 116 20 Claudel
1045 1373 49 19 and
1113 1372 170 22 Saint-John
1303 1373 95 21 Perse:

856 1400 151 25 parallels
1027 1401 50 20 and
1096 1401 164 21 contrasts.
1302 1402 48 20 See
1369 1402 98 26 HORRY,

857 1430 66 19 RUTH
943 1430 26 19 N.

827 1462 136 24 Planning
983 1460 48 19 for
1050 1457 133 22 economic
1204 1454 101 26 growth
1325 1454 33 20 in
1376 1453 49 20 the

863 1490 99 22 Soviet
981 1488 97 24 Union,
1101 1481 164 30 1918-1952.
1308 1484 48 20 See

865 1518 129 26 ZALESKI,
1016 1516 113 21 EUGENE.

827 1551 49 21 The
897 1550 198 22 schoolmaker.
1135 1550 49 20 See
1203 1549 150 26 MCMILLIN,
864 1580 147 22 LAURENCE.

833 1614 48 19 The
903 1612 83 26 story
1005 1612 31 20 of
1054 1611 136 21 medicine
1210 1610 32 20 at
1261 1611 67 19 Wake
1348 1610 100 21 Forest

866 1641 183 27 University.
1090 1642 48 19 See
1158 1639 167 27 CARPENTER,
1348 1639 52 21 COY

868 1670 164 22 CORNELIUS.

799 1737 171 21 UNIVERSITY
989 1735 30 20 OF
1038 1734 85 21 NORTH
1142 1731 135 23 CAROLINA
1296 1730 153 22 YMCA-YWCA

835 1767 98 20 PRESS.

838 1796 30 20 In
888 1793 167 23 Paintbrush
1076 1792 112 25 Canyon.
1229 1791 49 19 See
1297 1790 81 25 WARD,

869 1825 64 25 KIP,
958 1823 43 20 ed.

793 1883 168 21 UNIVERSITY
983 1882 30 20 OF
1032 1882 135 21 NORTHERN
1186 1882 81 26 IOWA,
1291 1883 84 19 CEDAR
1392 1881 98 23 FALLS.

827 1912 80 21 DEPT.
932 1913 31 19 OF
980 1911 149 22 TEACHING.

827 1940 136 20 Handbook
982 1939 48 20 for
1051 1940 114 20 student
1186 1939 148 24 teaching.
1376 1938 131 26 Dubuque,

861 1963 561 34 Kendall/Hunt Pub. Co. 59 p. NM:
864 1995 541 29 revisions. © Dept. of Teaching,
863 2026 168 25 University
1053 2027 30 18 of
1101 2026 137 21 Northern
1258 2027 78 23 Iowa,
1361 2026 64 20 Ross
1445 2025 28 20 A.

862 2055 132 25 Nielsen,
1016 2056 80 24 Head;
1119 2055 132 25 12Mar71;
1273 2050 132 25 A242224.

799 2116 172 21 UNIVERSITY
991 2115 30 20 OF
1040 2114 84 21 NOTRE
1144 2113 80 22 DAME.

836 2144 133 21 Catholic
991 2142 151 20 education
1162 2141 31 20 in
1214 2140 47 20 the
1284 2139 184 23 Archdiocese

871 2174 31 20 of
924 2173 127 22 Atlanta:
1075 2175 32 16 an
1128 2169 133 22 economic
1282 2170 47 19 and

873 2201 149 21 financial
1041 2199 149 26 analysis.
1232 2199 48 19 See
1300 2198 97 26 BROW,

870 2231 121 22 KENNETH
1009 2231 27 22 M.

805 2283 170 22 UNIVERSITY
994 2284 32 21 OF
1043 2284 84 21 NOTRE
1145 2284 81 21 DAME.
1266 2285 81 19 DEPT.
1371 2284 33 20 OF

838 2314 166 21 ECONOMICS.

840 2344 196 25 Proceedings.
1078 2344 48 20 See
1147 2343 170 21 CONFERENCE
1337 2343 32 20 ON
1387 2343 51 20 NEW

873 2375 100 20 TRENDS
993 2374 31 20 IN
1044 2373 171 21 INDUSTRIAL
1232 2372 167 26 RELATIONS,

873 2404 85 20 NOTRE
974 2403 82 27 DAME,
1078 2403 80 26 IND.,
1182 2402 78 25 1970.

840 2435 100 19 Barrio
960 2434 60 25 boy.
1063 2434 48 20 See
1131 2433 131 22 GALARZA,
1285 2432 132 20 ERNESTO.

840 2462 152 22 Evolution
1011 2462 31 20 in
1061 2461 200 26 perspective.
1303 2461 48 19 See

873 2491 132 27 SHUSTER,
1026 2492 102 20 GEORGE
1148 2492 27 20 N.

837 2519 15 20 A
870 2519 120 25 history
1009 2518 31 20 of
1057 2518 120 20 Western
1196 2516 183 26 philosophy.
1420 2515 49 20 See

872 2548 163 27 CAPONIGRI,
1059 2548 28 21 A.
1109 2547 116 21 ROBERT.

844 2586 15 20 A
877 2586 85 20 Latin
981 2584 134 20 American
1136 2581 133 22 economic
1291 2579 164 26 community.

880 2616 47 19 See
945 2613 151 23 MARITANO,
1118 2612 80 20 NONO.

835 2647 48 20 Los
903 2645 130 25 mojados;
1057 2644 48 19 the
1123 2642 121 21 wetback
1265 2641 95 24 story.
1401 2638 48 19 See

871 2674 114 25 SAMORA,
1007 2673 113 20 JULIAN.

839 2707 168 26 Philosophy
1027 2707 67 21 from
1113 2708 47 19 the
1182 2711 47 20 age
1250 2705 33 20 of
1300 2703 173 26 positivism

873 2737 31 20 to
924 2738 48 19 the
994 2741 47 20 age
1061 2737 31 19 of
1113 2734 148 26 analysis.
1302 2735 48 19 See

874 2765 163 26 CAPONIGRI,
1061 2764 28 22 A.
1112 2764 114 21 ROBERT.

845 2800 49 19 The
914 2798 68 21 task
1001 2799 29 19 of
1050 2798 202 21 universities
1275 2798 31 20 in
1326 2803 14 14 a
881 2797 564 56 changing
948 2827 96 22 world.
1085 2828 49 21 See
1152 2827 133 28 KERTESZ,
1309 2826 119 22 STEPHEN

880 2857 46 26 D.,
950 2856 43 20 ed.

1532 228 170 22 UNIVERSITY
1721 228 33 20 OF
1773 226 144 24 OKLAHOMA.
1959 226 118 22 MEDICAL
2095 227 112 25 CENTER,

1570 256 132 23 OKLAHOMA
1721 257 78 21 CITY.

1569 286 152 26 Community
1738 285 101 21 mental
1858 284 112 22 health:
1994 284 135 25 evolving

1606 315 96 20 issues
1723 315 49 19 for
1793 313 98 21 social
1911 312 145 21 casework.
2098 312 46 20 See

1604 343 113 26 KETNER,
1740 342 102 21 ROBERT
1859 342 29 22 W.

1536 403 169 22 UNIVERSITY
1722 403 33 20 OF
1774 403 135 21 OKLAHOMA
1927 403 95 22 PRESS.

1569 432 152 21 Alexander
1739 431 152 21 Phimister
1910 431 129 23 Proctor:
2064 437 31 15 an

1604 459 231 27 autobiography.
1877 461 48 21 See
1944 460 130 27 PROCTOR,

1604 489 152 21 ALEXANDER
1774 490 165 22 PHIMISTER.

1577 520 150 21 America's
1749 519 82 21 other
1851 519 146 21 children.
2039 520 46 20 See

1611 548 165 26 HENDERSON,
1800 547 113 28 GEORGE,
1937 549 43 19 ed.

1570 583 128 25 Baghdad:
1721 582 167 26 metropolis
1910 584 32 18 of
1963 583 47 21 the
2028 582 117 21 Abbasid

1604 611 163 24 caliphate.
1807 611 48 21 See
1873 611 83 27 WIET,
1977 611 114 23 GASTON.

1566 639 116 22 Charles
1702 639 113 22 Demuth:
1839 639 99 21 behind
1959 645 14 14 a
1995 640 133 27 laughing

1601 668 79 21 mask.
1720 670 48 19 See
1788 668 130 28 FARNHAM,
1942 669 95 21 EMILY.

1564 701 50 21 The
1632 700 183 22 Chickasaws.
1856 702 47 20 See
1922 700 115 28 GIBSON,
2057 702 104 20 ARRELL
2176 703 31 20 M.

1573 740 84 25 Diego
1675 740 113 22 Rivera:
1814 741 46 19 the
1882 741 116 26 shaping
2018 742 30 20 of
2068 746 32 15 an
2119 743 111 24 artist,

1609 764 162 30 1889-1921.
1813 770 47 19 See
1880 770 112 26 ARQUIN,
2017 770 144 22 FLORENCE.

1567 813 116 22 Fossils
1703 814 49 19 and
1773 812 93 22 flies:
1891 813 48 20 the
1960 813 63 20 life
2044 812 32 20 of
2095 817 15 15 a

1602 841 132 24 compleat
1755 840 163 27 scientist,
1942 841 99 21 Samuel
2059 841 118 20 Wendell

1600 870 153 22 Williston
1775 865 178 33 (1851-1918)
1993 870 47 21 See
2061 870 79 26 SHOR,

1601 899 151 20 ELIZABETH
1771 898 97 23 NOBLE.

1571 928 169 21 Gouverneur
1757 927 101 21 Morris
1878 927 49 20 and
1948 928 46 19 the
2014 927 135 21 American

1606 956 180 21 Revolution.
1828 957 48 19 See
1895 957 97 26 MINTZ,
2014 957 51 20 MAX
2081 956 29 21 M.

1565 992 118 22 Jackson
1700 994 79 24 Hole,
1801 992 132 26 Wyoming.
1974 994 47 19 See
2042 993 112 27 SAYLOR,

1598 1021 85 22 DAVID
1700 1022 28 20 J.

1574 1055 49 21 The
1641 1056 118 20 Mexican
1777 1057 51 20 War
1847 1057 84 26 diary
1949 1059 32 19 of
2000 1058 99 21 Thomas
2118 1060 28 20 D.

1609 1085 128 25 Tennery.
1778 1086 48 20 See
1846 1087 130 27 TENNERY,
1999 1088 99 20 THOMAS
2119 1089 26 20 D.

1576 1114 168 22 Perfection
1762 1115 32 20 of
1815 1115 93 20 exile.
1950 1117 48 20 See
2052 1117 149 26 ŠILBAJORIS,

1610 1143 147 22 RIMVYDAS.

1564 1177 119 26 Requiem
1701 1178 48 20 for
1769 1184 15 14 a
1802 1179 113 25 people.
1957 1180 47 20 See
2023 1179 131 28 BECKHAM,

1599 1206 117 22 STEPHEN
1733 1207 62 21 DOW.

1575 1238 118 21 Russian
1712 1238 167 21 literature
1899 1239 84 20 under
2002 1238 83 21 Lenin
2104 1238 48 21 and

1611 1267 113 26 Stalin,
1747 1267 163 26 1917-1955.
1951 1269 47 19 See
2018 1268 114 27 STRUVE,
1610 1297 78 21 GLEB.

1578 1325 48 21 The
1648 1325 128 21 serials:
1802 1330 132 20 suspense
1954 1326 49 19 and
2023 1325 83 21 drama
2123 1325 35 25 by

1614 1354 198 21 installment.
1853 1355 47 20 See
1921 1353 131 28 STEDMAN,
1615 1384 116 21 RAYMOND
1750 1384 130 22 WILLIAM.

1582 1413 48 22 The
1651 1413 80 21 Snake
1753 1412 117 24 country
1889 1410 169 25 expedition
2077 1409 31 19 of
1618 1405 591 61 1830-1831.
1735 1443 49 20 See
1802 1442 81 26 WORK,
1905 1442 81 20 JOHN.

1577 1472 84 21 Tales
1680 1471 67 21 from
1765 1472 48 19 the
1832 1470 131 20 Mohaves.
2003 1470 49 20 See

1611 1502 79 26 GREY,
1713 1500 114 22 HERMAN.

1577 1534 50 21 The
1646 1535 64 19 Taos
1731 1532 145 26 trappers.
1919 1532 48 20 See
1985 1531 99 26 WEBER,
1612 1564 83 20 DAVID
1715 1564 28 20 J.

1583 1595 134 26 Together
1735 1595 67 20 with
1823 1593 47 20 the
1888 1592 81 21 Ainu:
1992 1597 15 14 a
2027 1590 151 25 vanishing

1617 1624 112 25 people.
1770 1623 49 20 See
1837 1622 116 25 HILGER,
1973 1622 29 20 M.
2028 1620 76 20 INEZ.

1569 1663 153 22 Victorian
1740 1663 67 24 lady
1827 1666 32 15 on
1877 1661 49 20 the
1945 1660 82 21 Texas
2049 1659 146 20 frontier.

1605 1692 48 20 See
1673 1692 130 25 COLEMAN,
1825 1690 52 20 ANN
1894 1690 98 20 RANEY.

1574 1726 119 21 Western
1710 1723 115 26 mining.
1866 1723 48 19 See
1933 1722 98 25 YOUNG,

1612 1754 64 21 OTIS
1695 1754 47 26 E.,
1764 1754 45 20 JR.

1547 1798 169 24 UNIVERSITY
1735 1798 33 22 OF
1787 1796 113 30 OREGON,
1922 1796 114 23 EUGENE.

1581 1830 150 21 Democrats
1753 1830 30 19 of
1805 1828 111 26 Oregon:
1941 1829 47 19 the
2009 1827 118 26 pattern
2147 1827 30 19 of

1614 1859 137 26 minority
1769 1859 149 26 politics,
1941 1852 164 30 1900-1956.
2146 1858 48 19 See

1615 1890 115 26 BURTON,
1751 1889 102 21 ROBERT
1871 1889 29 21 E.

1579 1924 50 22 The
1650 1924 151 20 induction
1821 1922 31 19 in
1872 1920 186 22 Elizabethan
2077 1919 96 20 drama.

1615 1954 48 20 See
1684 1952 181 25 GREENFIELD,
1888 1951 103 20 THEIMA
2009 1950 28 20 N.

1586 1987 167 22 Successful
1771 1984 155 26 marketing
1946 1985 31 19 at
1995 1983 67 20 home
2082 1982 49 20 and

1620 2017 112 20 abroad.
1773 2015 49 21 See
1844 2013 100 22 FOREST
1963 2011 168 23 INDUSTRIES
1620 2011 582 56 MARKETING
1739 2044 184 26 CONFERENCE,
1943 2044 15 24 7TH
2032 2041 170 21 UNIVERSITY

1621 2076 33 20 OF
1672 2075 114 25 OREGON,
1809 2074 79 25 1970.

1535 2123 170 22 UNIVERSITY
1725 2122 31 21 OF
1776 2120 113 27 OREGON,
1912 2119 113 21 EUGENE.
1569 2115 665 59 REHABILITATION

1654 2152 138 21 RESEARCH
1808 2152 16 20 &
1843 2148 135 22 TRAINING
1999 2147 100 21 CENTER
2119 2146 30 21 IN

1569 2182 105 21 MENTAL
1687 2179 203 23 RETARDATION.

1572 2211 168 21 Evaluation
1761 2210 30 20 of
1813 2208 168 21 short-term
2000 2205 134 25 training
2154 2204 32 20 in

1606 2238 250 24 rehabilitation.
1898 2237 47 20 See
1966 2234 149 26 BROWNING,

1607 2269 101 22 PHILIP
1725 2269 47 25 L.,
1796 2267 44 21 ed.

1584 2308 201 24 Recreation's
1807 2306 64 21 role
1894 2305 29 20 in
1945 2305 46 20 the
1622 2301 557 58 rehabilitation
1704 2337 32 21 of
1757 2336 46 21 the
1822 2334 137 26 mentally
1978 2330 148 23 retarded.

1619 2368 48 21 See
1686 2367 81 26 NEAL,
1790 2365 84 22 LARRY
1893 2365 45 25 L.,
1962 2364 44 19 ed.

1556 2421 172 24 UNIVERSITY
1746 2420 32 20 OF
1798 2413 215 25 PENNSYLVANIA,
2036 2405 214 25 PHILADELPHIA.

1592 2450 169 23 CONTINUING
1781 2443 186 24 ENGINEERING
1986 2438 129 23 STUDIES.

1594 2481 48 21 The
1662 2480 61 19 U.S.
1747 2474 154 28 petroleum
1919 2469 145 23 industry.
2107 2465 15 18 4
2139 2470 27 14 v.

1628 2507 78 25 Appl.
1731 2505 112 21 author:
1866 2500 102 21 Arthur
1985 2500 28 19 M.
2038 2493 180 23 Brownstein.

1663 2522 476 35 © Arthur M. Brownstein; 19Jan71;
1629 2559 249 29 A227320-227323.

1556 2619 170 23 UNIVERSITY
1745 2619 32 20 OF
1796 2616 216 27 PENNSYLVANIA,
1592 2615 578 55 PHILADELPHIA.
1710 2647 147 22 TRUSTEES.

1591 2678 85 21 Black
1693 2679 65 23 gods
1780 2678 30 19 of
1830 2676 48 19 the
1898 2675 181 25 metropolis.
2121 2675 47 19 See

1626 2708 112 25 FAUSET,
1759 2706 103 21 ARTHUR
1881 2705 78 21 HUFF.

1585 2749 48 22 The
1654 2748 98 25 carpet
1774 2746 146 25 industry.
1961 2746 48 19 See
2029 2743 80 26 KIRK,

1621 2778 99 21 ROBERT
1737 2779 30 19 W.

1598 2812 98 24 Change
1717 2810 32 20 in
1769 2808 81 21 rural
1869 2805 183 27 Appalachia.
2092 2803 48 20 See

1634 2837 163 26 PHOTIADIS,
1820 2836 67 21 JOHN
1905 2835 28 20 D.

1584 2874 117 22 Freedom
1719 2872 48 19 and
1788 2869 77 21 fate:
1891 2872 32 14 an
1942 2867 84 18 inner
2044 2862 65 21 life
2130 2862 31 19 of

1618 2902 83 24 Ralph
1717 2900 86 20 Waldo
1821 2898 131 20 Emerson.
1994 2893 47 20 See
2061 2890 131 24 WHICHER,

1618 2928 118 22 STEPHEN
1753 2928 28 19 E.
