<alto xmlns="http://www.loc.gov/standards/alto/ns-v3#" xmlns:xlink="http://www.w3.org/1999/xlink" xmlns:xsi="http://www.w3.org/2001/XMLSchema-instance" xsi:schemaLocation="http://www.loc.gov/standards/alto/ns-v3# http://www.loc.gov/alto/v3/alto-3-0.xsd"><Description>
<MeasurementUnit>pixel</MeasurementUnit>
<sourceImageInformation>
<fileName>1971_v25_1.pdf</fileName>
</sourceImageInformation>
<OCRProcessing ID="IdOcr">
<ocrProcessingStep>
<processingDateTime>2020-03-19</processingDateTime>
<processingSoftware>
<softwareCreator>ABBYY</softwareCreator>
<softwareName>ABBYY Recognition Server</softwareName>
<softwareVersion>4.0</softwareVersion>
</processingSoftware>
</ocrProcessingStep>
</OCRProcessing>
</Description>
<Styles>
<ParagraphStyle ID="StyleId-FFFFFFFF-FFFF-FFFF-FFFF-FFFFFFFFFFFF-" ALIGN="Left" LEFT="0." RIGHT="0." FIRSTLINE="0."/>
<ParagraphStyle ID="StyleId-682B4E5F-5876-4DCC-8CF5-9476D6B93F07-" ALIGN="Left" LEFT="0." RIGHT="0." FIRSTLINE="0." LINESPACE="17.76000023"/>
<ParagraphStyle ID="StyleId-D093CD0E-75D0-4EE8-9B97-78BE2EAE18C8-" ALIGN="Center" LEFT="0." RIGHT="0." FIRSTLINE="0." LINESPACE="16.60000038"/>
<ParagraphStyle ID="StyleId-6D25E620-F5F7-4A0A-9BBF-D61860680E06-" ALIGN="Left" LEFT="0." RIGHT="0." FIRSTLINE="-13." LINESPACE="6.960000038"/>
<ParagraphStyle ID="StyleId-0E964A48-FEF1-4F85-A6AB-445655F64C34-" ALIGN="Left" LEFT="0." RIGHT="0." FIRSTLINE="-15." LINESPACE="7.400000095"/>
<ParagraphStyle ID="StyleId-FCFE1490-A2E8-4DB8-A1C9-F0291303A51F-" ALIGN="Center" LEFT="0." RIGHT="0." FIRSTLINE="0." LINESPACE="12.19999981"/>
<ParagraphStyle ID="StyleId-02F95F73-B907-4E95-B835-9AAA777442D1-" ALIGN="Block" LEFT="0." RIGHT="0." FIRSTLINE="0." LINESPACE="13.68000031"/>
<ParagraphStyle ID="StyleId-AAC235E8-3329-49DF-ACDE-AEE2114FA4C1-" ALIGN="Center" LEFT="0." RIGHT="0." FIRSTLINE="0." LINESPACE="22.70000076"/>
<ParagraphStyle ID="StyleId-B249B095-B6CE-4078-BB44-531717F4E525-" ALIGN="Left" LEFT="0." RIGHT="0." FIRSTLINE="0." LINESPACE="7.699999809"/>
<ParagraphStyle ID="StyleId-94F9E9E8-AB22-4EF2-A90D-8D01F2002A5C-" ALIGN="Left" LEFT="0." RIGHT="0." FIRSTLINE="0." LINESPACE="11.60000038"/>
<ParagraphStyle ID="StyleId-30E161E3-9B54-42DD-A430-F7A16FB0AFFD-" ALIGN="Left" LEFT="0." RIGHT="0." FIRSTLINE="0." LINESPACE="8.300000191"/>
<ParagraphStyle ID="StyleId-5445297D-3DEF-458F-BA0E-0F669C998C68-" ALIGN="Left" LEFT="0." RIGHT="0." FIRSTLINE="-2." LINESPACE="7.699999809"/>
<ParagraphStyle ID="StyleId-58F66945-D944-4259-A143-92F5DE84F694-" ALIGN="Left" LEFT="0." RIGHT="0." FIRSTLINE="0." LINESPACE="6.71999979"/>
<ParagraphStyle ID="StyleId-AF9761F8-3FB2-42DB-8AE9-6988E38C0D82-" ALIGN="Left" LEFT="0." RIGHT="0." FIRSTLINE="-9." LINESPACE="4.5"/>
<ParagraphStyle ID="StyleId-BBEBCEA2-FB88-4B65-8D0E-CCACC8DA76C1-" ALIGN="Left" LEFT="0." RIGHT="0." FIRSTLINE="0." LINESPACE="7.400000095"/>
<ParagraphStyle ID="StyleId-1492AAB7-C0BD-4832-9364-1D0EDC7A9145-" ALIGN="Block" LEFT="0." RIGHT="0." FIRSTLINE="0." LINESPACE="7.400000095"/>
<ParagraphStyle ID="StyleId-57830EE1-2323-4843-B281-DB70733DB5D5-" ALIGN="Block" LEFT="0." RIGHT="0." FIRSTLINE="0." LINESPACE="6.960000038"/>
<ParagraphStyle ID="StyleId-1E6ABA65-3966-4700-A168-24EC8589B0E4-" ALIGN="Left" LEFT="0." RIGHT="0." FIRSTLINE="0." LINESPACE="6.960000038"/>
<ParagraphStyle ID="StyleId-4E93613B-77CA-4257-A149-03B7CE2DD7B8-" ALIGN="Left" LEFT="0." RIGHT="0." FIRSTLINE="0."/>
<ParagraphStyle ID="StyleId-5C3416A1-FF7A-40EA-B40A-B682B10088A0-" ALIGN="Left" LEFT="0." RIGHT="0." FIRSTLINE="0."/>
<ParagraphStyle ID="StyleId-95DAF27B-0E33-4796-8D07-9533A0AAA654-" ALIGN="Left" LEFT="0." RIGHT="0." FIRSTLINE="-14." LINESPACE="6.71999979"/>
<ParagraphStyle ID="StyleId-EAB35D8E-D8A5-4C3E-92C4-76AF738D1333-" ALIGN="Center" LEFT="0." RIGHT="0." FIRSTLINE="0." LINESPACE="11.30000019"/>
<ParagraphStyle ID="StyleId-D051A78B-24F4-47B0-B060-CC7A9F956430-" ALIGN="Left" LEFT="0." RIGHT="0." FIRSTLINE="0." LINESPACE="7.699999809"/>
<ParagraphStyle ID="StyleId-89D9780E-CA23-4051-B8F0-CC242A408FCA-" ALIGN="Left" LEFT="0." RIGHT="0." FIRSTLINE="0." LINESPACE="6.71999979"/>
<ParagraphStyle ID="StyleId-DA92AC5B-5C5C-43C6-B82A-A4295A3726B5-" ALIGN="Left" LEFT="0." RIGHT="0." FIRSTLINE="0." LINESPACE="6.960000038"/>
<ParagraphStyle ID="StyleId-9DBE5482-E911-417D-B607-D9D6ADE21055-" ALIGN="Block" LEFT="0." RIGHT="0." FIRSTLINE="-11." LINESPACE="7.199999809"/>
<ParagraphStyle ID="StyleId-DCC94B52-BB96-4236-AC34-AC28E2706877-" ALIGN="Left" LEFT="0." RIGHT="0." FIRSTLINE="0." LINESPACE="9.100000381"/>
<ParagraphStyle ID="StyleId-30F51EFD-8321-4905-A23F-5C798B6AD077-" ALIGN="Right" LEFT="0." RIGHT="0." FIRSTLINE="0." LINESPACE="7.699999809"/>
<ParagraphStyle ID="StyleId-CF215C80-B5C5-486B-9A8A-B8F4998689F5-" ALIGN="Left" LEFT="0." RIGHT="0." FIRSTLINE="-13." LINESPACE="6.960000038"/>
<ParagraphStyle ID="StyleId-FA1DB4AC-AA79-46DB-8D0F-94E03C775CBA-" ALIGN="Left" LEFT="0." RIGHT="0." FIRSTLINE="-8." LINESPACE="6.960000038"/>
<ParagraphStyle ID="StyleId-3A79F0BC-6327-447F-B673-6276BC970B50-" ALIGN="Left" LEFT="0." RIGHT="0." FIRSTLINE="-8." LINESPACE="9.100000381"/>
<ParagraphStyle ID="StyleId-6B52B458-9956-46A8-8882-7836F5044A4A-" ALIGN="Block" LEFT="0." RIGHT="0." FIRSTLINE="0." LINESPACE="6.960000038"/>
<ParagraphStyle ID="StyleId-2E9DCF36-9AFB-4096-A593-E7493D5F5DE3-" ALIGN="Left" LEFT="0." RIGHT="0." FIRSTLINE="0." LINESPACE="8.5"/>
<ParagraphStyle ID="StyleId-7F8138C1-6B85-4400-884B-695779789D71-" ALIGN="Left" LEFT="0." RIGHT="0." FIRSTLINE="0." LINESPACE="6.960000038"/>
<ParagraphStyle ID="StyleId-2880D7A6-40B6-4227-980D-94B5B1D32BC6-" ALIGN="Left" LEFT="0." RIGHT="0." FIRSTLINE="0." LINESPACE="10.19999981"/>
<ParagraphStyle ID="StyleId-2359946E-625A-4DAE-81F7-7D9E07349C02-" ALIGN="Left" LEFT="0." RIGHT="0." FIRSTLINE="-11." LINESPACE="6.71999979"/>
</Styles>
<Layout>
<Page ID="Page1418" PHYSICAL_IMG_NR="1418" HEIGHT="3342" WIDTH="2363">
<TopMargin HEIGHT="104" WIDTH="2363" VPOS="0" HPOS="0">
</TopMargin>
<BottomMargin HEIGHT="281" WIDTH="2363" VPOS="3061" HPOS="0">
</BottomMargin>
<PrintSpace HEIGHT="2957" WIDTH="2363" VPOS="104" HPOS="0">
<TextBlock ID="Page1418_Block1" HEIGHT="124" WIDTH="197" VPOS="104" HPOS="40" LANG="en-US" STYLEREFS="StyleId-7823877F-5184-43EB-817C-D5BC43D9C29A-">
<Shape>
<Polygon POINTS="42,104 70,104 70,105 201,105 201,106 237,106 237,220 236,220 236,228 200,228 200,227 68,227 68,226 40,226 40,218 41,218 41,105 42,105 42,104"/>
</Shape>
<TextLine HEIGHT="24" WIDTH="58" VPOS="148" HPOS="115">
<String CONTENT="1418" HEIGHT="24" WIDTH="58" VPOS="148" HPOS="115"/>
</TextLine>
</TextBlock>
<TextBlock ID="Page1418_Block2" HEIGHT="2792" WIDTH="830" VPOS="247" HPOS="0" LANG="en-US" CS="1" STYLEREFS="StyleId-4DAE7011-971F-40A2-9C54-A1D8A2755E72-">
<Shape>
<Polygon POINTS="3,247 69,247 69,248 201,248 201,249 332,249 332,250 464,250 464,251 596,251 596,252 727,252 727,253 830,253 830,354 829,354 829,486 828,486 828,617 827,617 827,749 826,749 826,880 825,880 825,1012 824,1012 824,1144 823,1144 823,1275 822,1275 822,1407 821,1407 821,1538 820,1538 820,1670 819,1670 819,1802 818,1802 818,1933 817,1933 817,2065 816,2065 816,2196 815,2196 815,2328 814,2328 814,2460 813,2460 813,2591 812,2591 812,2723 811,2723 811,2854 810,2854 810,2986 809,2986 809,3039 715,3039 715,3038 583,3038 583,3037 452,3037 452,3036 320,3036 320,3035 189,3035 189,3034 57,3034 57,3033 0,3033 0,613 1,613 1,481 2,481 2,350 3,350 3,247"/>
</Shape>
<TextLine HEIGHT="33" WIDTH="671" VPOS="276" HPOS="116" CS="1">
<String CONTENT="UNIVERSITY" HEIGHT="23" WIDTH="173" VPOS="276" HPOS="116"/>
<SP HEIGHT="20" WIDTH="17" VPOS="279" HPOS="290"/>
<String CONTENT="OF" HEIGHT="21" WIDTH="31" VPOS="279" HPOS="308"/>
<SP HEIGHT="20" WIDTH="17" VPOS="281" HPOS="340"/>
<String CONTENT="IOWA," HEIGHT="26" WIDTH="80" VPOS="280" HPOS="358"/>
<SP HEIGHT="24" WIDTH="22" VPOS="282" HPOS="439"/>
<String CONTENT="IOWA" HEIGHT="21" WIDTH="64" VPOS="281" HPOS="462"/>
<SP HEIGHT="20" WIDTH="18" VPOS="282" HPOS="527"/>
<String CONTENT="CITY." HEIGHT="22" WIDTH="79" VPOS="282" HPOS="546"/>
<SP HEIGHT="21" WIDTH="39" VPOS="283" HPOS="626"/>
<String CONTENT="SPECIAL" HEIGHT="22" WIDTH="121" VPOS="283" HPOS="666"/>
</TextLine>
<TextLine HEIGHT="27" WIDTH="491" VPOS="305" HPOS="151">
<String CONTENT="EDUCATION" HEIGHT="23" WIDTH="156" VPOS="305" HPOS="151"/>
<SP HEIGHT="20" WIDTH="16" VPOS="307" HPOS="308"/>
<String CONTENT="DEVELOPMENT" HEIGHT="23" WIDTH="187" VPOS="308" HPOS="325"/>
<SP HEIGHT="21" WIDTH="16" VPOS="310" HPOS="513"/>
<String CONTENT="CENTER." HEIGHT="21" WIDTH="112" VPOS="311" HPOS="530"/>
</TextLine>
<TextLine HEIGHT="31" WIDTH="564" VPOS="334" HPOS="151">
<String CONTENT="Science," HEIGHT="28" WIDTH="132" VPOS="334" HPOS="151"/>
<SP HEIGHT="21" WIDTH="22" VPOS="341" HPOS="283"/>
<String CONTENT="a" HEIGHT="14" WIDTH="16" VPOS="341" HPOS="305"/>
<SP HEIGHT="21" WIDTH="18" VPOS="341" HPOS="321"/>
<String CONTENT="guide" HEIGHT="24" WIDTH="84" VPOS="338" HPOS="339"/>
<SP HEIGHT="20" WIDTH="20" VPOS="338" HPOS="423"/>
<String CONTENT="for" HEIGHT="21" WIDTH="50" VPOS="338" HPOS="443"/>
<SP HEIGHT="19" WIDTH="20" VPOS="340" HPOS="493"/>
<String CONTENT="teaching" HEIGHT="26" WIDTH="134" VPOS="339" HPOS="513"/>
<SP HEIGHT="25" WIDTH="20" VPOS="340" HPOS="647"/>
<String CONTENT="the" HEIGHT="20" WIDTH="48" VPOS="340" HPOS="667"/>
</TextLine>
<TextLine HEIGHT="31" WIDTH="597" VPOS="363" HPOS="186">
<String CONTENT="handicapped." HEIGHT="28" WIDTH="198" VPOS="363" HPOS="186"/>
<SP HEIGHT="20" WIDTH="40" VPOS="367" HPOS="385"/>
<String CONTENT="November" HEIGHT="21" WIDTH="134" VPOS="367" HPOS="426"/>
<SP HEIGHT="20" WIDTH="19" VPOS="368" HPOS="561"/>
<String CONTENT="1970." HEIGHT="25" WIDTH="78" VPOS="368" HPOS="581"/>
<SP HEIGHT="20" WIDTH="39" VPOS="370" HPOS="660"/>
<String CONTENT="Cedar" HEIGHT="21" WIDTH="83" VPOS="370" HPOS="700"/>
</TextLine>
<TextLine HEIGHT="32" WIDTH="582" VPOS="393" HPOS="184">
<String CONTENT="Rapids," HEIGHT="26" WIDTH="116" VPOS="393" HPOS="184"/>
<SP HEIGHT="24" WIDTH="21" VPOS="395" HPOS="301"/>
<String CONTENT="Iowa," HEIGHT="27" WIDTH="79" VPOS="395" HPOS="323"/>
<SP HEIGHT="26" WIDTH="20" VPOS="396" HPOS="403"/>
<String CONTENT="Printed" HEIGHT="21" WIDTH="116" VPOS="396" HPOS="424"/>
<SP HEIGHT="19" WIDTH="18" VPOS="397" HPOS="541"/>
<String CONTENT="by" HEIGHT="26" WIDTH="35" VPOS="397" HPOS="560"/>
<SP HEIGHT="25" WIDTH="17" VPOS="398" HPOS="596"/>
<String CONTENT="the" HEIGHT="20" WIDTH="48" VPOS="398" HPOS="614"/>
<SP HEIGHT="19" WIDTH="18" VPOS="399" HPOS="663"/>
<String CONTENT="Joint" HEIGHT="21" WIDTH="84" VPOS="399" HPOS="682"/>
</TextLine>
<TextLine HEIGHT="33" WIDTH="544" VPOS="421" HPOS="184" CS="1">
<String CONTENT="County" HEIGHT="26" WIDTH="103" VPOS="421" HPOS="184"/>
<SP HEIGHT="24" WIDTH="16" VPOS="423" HPOS="288"/>
<String CONTENT="System" HEIGHT="26" WIDTH="102" VPOS="423" HPOS="305"/>
<SP HEIGHT="14" WIDTH="16" VPOS="430" HPOS="408"/>
<String CONTENT="of" HEIGHT="19" WIDTH="32" VPOS="425" HPOS="425"/>
<SP HEIGHT="21" WIDTH="16" VPOS="425" HPOS="458"/>
<String CONTENT="Cedar," HEIGHT="25" WIDTH="98" VPOS="426" HPOS="475"/>
<SP HEIGHT="25" WIDTH="21" VPOS="427" HPOS="574"/>
<String CONTENT="Johnson," HEIGHT="27" WIDTH="132" VPOS="427" HPOS="596"/>
</TextLine>
<TextLine HEIGHT="35" WIDTH="594" VPOS="448" HPOS="184" CS="1">
<String CONTENT="Linn" HEIGHT="20" WIDTH="68" VPOS="451" HPOS="184"/>
<SP HEIGHT="19" WIDTH="16" VPOS="451" HPOS="253"/>
<String CONTENT="&amp;" HEIGHT="19" WIDTH="17" VPOS="451" HPOS="270"/>
<SP HEIGHT="20" WIDTH="14" VPOS="451" HPOS="288"/>
<String CONTENT="Washington" HEIGHT="27" WIDTH="172" VPOS="452" HPOS="303"/>
<SP HEIGHT="19" WIDTH="16" VPOS="456" HPOS="476"/>
<String CONTENT="Counties." HEIGHT="21" WIDTH="147" VPOS="455" HPOS="493"/>
<SP HEIGHT="20" WIDTH="42" VPOS="456" HPOS="641"/>
<String CS="1" CONTENT="181" HEIGHT="24" WIDTH="15" VPOS="452" HPOS="700"/>
<SP HEIGHT="25" WIDTH="19" VPOS="458" HPOS="732"/>
<String CONTENT="p." HEIGHT="20" WIDTH="26" VPOS="463" HPOS="752"/>
</TextLine>
<TextLine HEIGHT="32" WIDTH="511" VPOS="476" HPOS="181" CS="1">
<String CONTENT="Appl." HEIGHT="27" WIDTH="82" VPOS="478" HPOS="181"/>
<SP HEIGHT="16" WIDTH="24" VPOS="485" HPOS="263"/>
<String CONTENT="states" HEIGHT="21" WIDTH="98" VPOS="481" HPOS="288"/>
<SP HEIGHT="23" WIDTH="19" VPOS="482" HPOS="386"/>
<String CS="1" CONTENT="75%" HEIGHT="24" WIDTH="31" VPOS="482" HPOS="405"/>
<SP HEIGHT="29" WIDTH="16" VPOS="478" HPOS="459"/>
<String CONTENT="new" HEIGHT="16" WIDTH="49" VPOS="488" HPOS="475"/>
<SP HEIGHT="16" WIDTH="18" VPOS="488" HPOS="525"/>
<String CONTENT="material." HEIGHT="23" WIDTH="148" VPOS="483" HPOS="544"/>
</TextLine>
<TextLine HEIGHT="31" WIDTH="495" VPOS="507" HPOS="180" CS="1">
<String CONTENT="&#169;" HEIGHT="21" WIDTH="20" VPOS="507" HPOS="180"/>
<SP HEIGHT="21" WIDTH="13" VPOS="508" HPOS="201"/>
<String CONTENT="University" HEIGHT="27" WIDTH="171" VPOS="509" HPOS="215"/>
<SP HEIGHT="20" WIDTH="19" VPOS="516" HPOS="387"/>
<String CONTENT="of" HEIGHT="20" WIDTH="31" VPOS="511" HPOS="407"/>
<SP HEIGHT="21" WIDTH="19" VPOS="511" HPOS="439"/>
<String CONTENT="Iowa;" HEIGHT="24" WIDTH="78" VPOS="512" HPOS="459"/>
<SP HEIGHT="23" WIDTH="23" VPOS="513" HPOS="538"/>
<String CS="1" CONTENT="1Nov70;" HEIGHT="25" WIDTH="113" VPOS="512" HPOS="562"/>
</TextLine>
<TextLine HEIGHT="30" WIDTH="131" VPOS="533" HPOS="182">
<!-- cceid DB37E27C-7222-1014-A92F-CB0463F9F54D --><String CONTENT="A212978." HEIGHT="30" WIDTH="131" VPOS="533" HPOS="182"/>
</TextLine>
<TextLine HEIGHT="31" WIDTH="525" VPOS="589" HPOS="114">
<String CONTENT="UNIVERSITY" HEIGHT="22" WIDTH="171" VPOS="589" HPOS="115"/>
<SP HEIGHT="20" WIDTH="18" VPOS="591" HPOS="287"/>
<String CONTENT="OF" HEIGHT="20" WIDTH="31" VPOS="591" HPOS="306"/>
<SP HEIGHT="20" WIDTH="17" VPOS="592" HPOS="338"/>
<String CONTENT="KANSAS," HEIGHT="27" WIDTH="116" VPOS="592" HPOS="355"/>
<SP HEIGHT="25" WIDTH="22" VPOS="594" HPOS="471"/>
<String CONTENT="LAWRENCE." HEIGHT="22" WIDTH="145" VPOS="593" HPOS="494"/>
</TextLine>
<TextLine HEIGHT="28" WIDTH="579" VPOS="617" HPOS="148">
<String CONTENT="Education" HEIGHT="22" WIDTH="153" VPOS="617" HPOS="148"/>
<SP HEIGHT="19" WIDTH="19" VPOS="619" HPOS="302"/>
<String CONTENT="in" HEIGHT="21" WIDTH="30" VPOS="619" HPOS="322"/>
<SP HEIGHT="20" WIDTH="18" VPOS="621" HPOS="353"/>
<String CONTENT="Central" HEIGHT="21" WIDTH="116" VPOS="621" HPOS="372"/>
<SP HEIGHT="21" WIDTH="18" VPOS="622" HPOS="489"/>
<String CONTENT="America." HEIGHT="22" WIDTH="131" VPOS="622" HPOS="508"/>
<SP HEIGHT="19" WIDTH="40" VPOS="624" HPOS="640"/>
<String CONTENT="See" HEIGHT="20" WIDTH="46" VPOS="624" HPOS="681"/>
</TextLine>
<TextLine HEIGHT="28" WIDTH="320" VPOS="647" HPOS="181">
<String CONTENT="WAGGONER," HEIGHT="27" WIDTH="152" VPOS="647" HPOS="181"/>
<SP HEIGHT="24" WIDTH="19" VPOS="650" HPOS="334"/>
<String CONTENT="GEORGE" HEIGHT="21" WIDTH="101" VPOS="649" HPOS="354"/>
<SP HEIGHT="20" WIDTH="17" VPOS="650" HPOS="456"/>
<String CONTENT="R." HEIGHT="20" WIDTH="27" VPOS="652" HPOS="474"/>
</TextLine>
<TextLine HEIGHT="34" WIDTH="668" VPOS="695" HPOS="109" CS="1">
<String CONTENT="UNIVERSITY" HEIGHT="24" WIDTH="172" VPOS="695" HPOS="109"/>
<SP HEIGHT="21" WIDTH="16" VPOS="698" HPOS="282"/>
<String CONTENT="OF" HEIGHT="21" WIDTH="32" VPOS="698" HPOS="299"/>
<SP HEIGHT="19" WIDTH="16" VPOS="700" HPOS="332"/>
<String CONTENT="KANSAS," HEIGHT="29" WIDTH="114" VPOS="698" HPOS="349"/>
<SP HEIGHT="26" WIDTH="21" VPOS="701" HPOS="464"/>
<String CONTENT="LAWRENCE." HEIGHT="24" WIDTH="148" VPOS="699" HPOS="486"/>
<SP HEIGHT="21" WIDTH="40" VPOS="702" HPOS="635"/>
<String CONTENT="CENTER" HEIGHT="22" WIDTH="101" VPOS="702" HPOS="676"/>
</TextLine>
<TextLine HEIGHT="26" WIDTH="439" VPOS="726" HPOS="143">
<String CONTENT="OF" HEIGHT="19" WIDTH="31" VPOS="727" HPOS="144"/>
<SP HEIGHT="20" WIDTH="18" VPOS="727" HPOS="175"/>
<String CONTENT="LATIN" HEIGHT="21" WIDTH="87" VPOS="727" HPOS="193"/>
<SP HEIGHT="21" WIDTH="15" VPOS="727" HPOS="280"/>
<String CONTENT="AMERICAN" HEIGHT="23" WIDTH="139" VPOS="727" HPOS="295"/>
<SP HEIGHT="20" WIDTH="17" VPOS="730" HPOS="434"/>
<String CONTENT="STUDIES." HEIGHT="22" WIDTH="131" VPOS="730" HPOS="451"/>
</TextLine>
<TextLine HEIGHT="32" WIDTH="633" VPOS="755" HPOS="141">
<String CONTENT="CSUCA:" HEIGHT="21" WIDTH="98" VPOS="755" HPOS="141"/>
<SP HEIGHT="17" WIDTH="21" VPOS="759" HPOS="240"/>
<String CONTENT="a" HEIGHT="16" WIDTH="13" VPOS="759" HPOS="262"/>
<SP HEIGHT="16" WIDTH="20" VPOS="759" HPOS="276"/>
<String CONTENT="regional" HEIGHT="26" WIDTH="133" VPOS="756" HPOS="297"/>
<SP HEIGHT="20" WIDTH="20" VPOS="757" HPOS="431"/>
<String CONTENT="strategy" HEIGHT="26" WIDTH="133" VPOS="757" HPOS="452"/>
<SP HEIGHT="25" WIDTH="20" VPOS="759" HPOS="586"/>
<String CONTENT="for" HEIGHT="20" WIDTH="47" VPOS="760" HPOS="607"/>
<SP HEIGHT="21" WIDTH="18" VPOS="760" HPOS="655"/>
<String CONTENT="higher" HEIGHT="27" WIDTH="100" VPOS="760" HPOS="674"/>
</TextLine>
<TextLine HEIGHT="29" WIDTH="580" VPOS="783" HPOS="176">
<String CONTENT="education" HEIGHT="22" WIDTH="153" VPOS="783" HPOS="176"/>
<SP HEIGHT="20" WIDTH="17" VPOS="786" HPOS="330"/>
<String CONTENT="in" HEIGHT="20" WIDTH="31" VPOS="786" HPOS="348"/>
<SP HEIGHT="20" WIDTH="18" VPOS="787" HPOS="380"/>
<String CONTENT="Central" HEIGHT="22" WIDTH="116" VPOS="786" HPOS="399"/>
<SP HEIGHT="20" WIDTH="18" VPOS="788" HPOS="516"/>
<String CONTENT="America." HEIGHT="21" WIDTH="132" VPOS="788" HPOS="535"/>
<SP HEIGHT="20" WIDTH="40" VPOS="791" HPOS="668"/>
<String CONTENT="See" HEIGHT="21" WIDTH="47" VPOS="791" HPOS="709"/>
</TextLine>
<TextLine HEIGHT="28" WIDTH="336" VPOS="813" HPOS="176">
<String CONTENT="MITCHELL," HEIGHT="26" WIDTH="148" VPOS="813" HPOS="176"/>
<SP HEIGHT="25" WIDTH="19" VPOS="815" HPOS="325"/>
<String CONTENT="WILLARD" HEIGHT="22" WIDTH="121" VPOS="815" HPOS="345"/>
<SP HEIGHT="20" WIDTH="16" VPOS="817" HPOS="467"/>
<String CONTENT="H." HEIGHT="21" WIDTH="28" VPOS="817" HPOS="484"/>
</TextLine>
<TextLine HEIGHT="26" WIDTH="546" VPOS="845" HPOS="140">
<String CONTENT="Castro" HEIGHT="22" WIDTH="101" VPOS="846" HPOS="140"/>
<SP HEIGHT="15" WIDTH="18" VPOS="851" HPOS="242"/>
<String CONTENT="as" HEIGHT="15" WIDTH="29" VPOS="851" HPOS="261"/>
<SP HEIGHT="15" WIDTH="20" VPOS="851" HPOS="291"/>
<String CONTENT="charismatic" HEIGHT="22" WIDTH="183" VPOS="846" HPOS="312"/>
<SP HEIGHT="19" WIDTH="21" VPOS="849" HPOS="496"/>
<String CONTENT="hero." HEIGHT="20" WIDTH="78" VPOS="849" HPOS="518"/>
<SP HEIGHT="19" WIDTH="41" VPOS="851" HPOS="597"/>
<String CONTENT="See" HEIGHT="19" WIDTH="47" VPOS="851" HPOS="639"/>
</TextLine>
<TextLine HEIGHT="30" WIDTH="251" VPOS="874" HPOS="174">
<String CONTENT="MORTON," HEIGHT="28" WIDTH="114" VPOS="875" HPOS="174"/>
<SP HEIGHT="26" WIDTH="21" VPOS="877" HPOS="288"/>
<String CONTENT="WARD" HEIGHT="22" WIDTH="69" VPOS="875" HPOS="309"/>
<SP HEIGHT="21" WIDTH="17" VPOS="877" HPOS="378"/>
<String CONTENT="M." HEIGHT="21" WIDTH="30" VPOS="877" HPOS="395"/>
</TextLine>
<TextLine HEIGHT="30" WIDTH="619" VPOS="912" HPOS="139">
<String CONTENT="The" HEIGHT="20" WIDTH="48" VPOS="914" HPOS="139"/>
<SP HEIGHT="16" WIDTH="19" VPOS="918" HPOS="188"/>
<String CONTENT="community" HEIGHT="25" WIDTH="153" VPOS="914" HPOS="208"/>
<SP HEIGHT="25" WIDTH="17" VPOS="914" HPOS="362"/>
<String CONTENT="in" HEIGHT="21" WIDTH="31" VPOS="914" HPOS="380"/>
<SP HEIGHT="16" WIDTH="18" VPOS="919" HPOS="412"/>
<String CONTENT="revolutionary" HEIGHT="26" WIDTH="224" VPOS="914" HPOS="431"/>
<SP HEIGHT="24" WIDTH="16" VPOS="916" HPOS="656"/>
<String CONTENT="Latin" HEIGHT="21" WIDTH="85" VPOS="916" HPOS="673"/>
</TextLine>
<TextLine HEIGHT="64" WIDTH="583" VPOS="938" HPOS="173" CS="1">
<String CONTENT="America." HEIGHT="22" WIDTH="131" VPOS="942" HPOS="173"/>
<SP HEIGHT="24" WIDTH="38" VPOS="944" HPOS="305"/>
<String CONTENT="56" HEIGHT="28" WIDTH="33" VPOS="940" HPOS="344"/>
<SP HEIGHT="29" WIDTH="16" VPOS="940" HPOS="378"/>
<String CONTENT="p." HEIGHT="21" WIDTH="29" VPOS="948" HPOS="395"/>
<SP HEIGHT="30" WIDTH="44" VPOS="941" HPOS="425"/>
<String CONTENT="(Occasional" HEIGHT="30" WIDTH="183" VPOS="942" HPOS="470"/>
<SP HEIGHT="25" WIDTH="17" VPOS="945" HPOS="654"/>
<String CONTENT="publications," HEIGHT="60" WIDTH="582" VPOS="940" HPOS="174"/>
<SP HEIGHT="20" WIDTH="22" VPOS="976" HPOS="306"/>
<String CONTENT="no.5)" HEIGHT="28" WIDTH="79" VPOS="971" HPOS="329"/>
<SP HEIGHT="28" WIDTH="39" VPOS="971" HPOS="409"/>
<String CONTENT="Selected" HEIGHT="21" WIDTH="134" VPOS="972" HPOS="449"/>
<SP HEIGHT="25" WIDTH="17" VPOS="973" HPOS="584"/>
<String CONTENT="papers" HEIGHT="20" WIDTH="101" VPOS="978" HPOS="602"/>
</TextLine>
<TextLine HEIGHT="31" WIDTH="585" VPOS="999" HPOS="171">
<String CONTENT="presented" HEIGHT="26" WIDTH="154" VPOS="1000" HPOS="171"/>
<SP HEIGHT="20" WIDTH="20" VPOS="1001" HPOS="325"/>
<String CONTENT="at" HEIGHT="19" WIDTH="31" VPOS="1002" HPOS="345"/>
<SP HEIGHT="21" WIDTH="21" VPOS="1001" HPOS="376"/>
<String CONTENT="the" HEIGHT="21" WIDTH="49" VPOS="1001" HPOS="397"/>
<SP HEIGHT="21" WIDTH="18" VPOS="1002" HPOS="446"/>
<String CONTENT="Annual" HEIGHT="21" WIDTH="103" VPOS="1002" HPOS="464"/>
<SP HEIGHT="20" WIDTH="19" VPOS="1002" HPOS="567"/>
<String CONTENT="Conference" HEIGHT="22" WIDTH="170" VPOS="1002" HPOS="586"/>
</TextLine>
<TextLine HEIGHT="28" WIDTH="613" VPOS="1027" HPOS="173">
<String CONTENT="of" HEIGHT="21" WIDTH="32" VPOS="1029" HPOS="173"/>
<SP HEIGHT="20" WIDTH="18" VPOS="1030" HPOS="206"/>
<String CONTENT="the" HEIGHT="20" WIDTH="49" VPOS="1030" HPOS="225"/>
<SP HEIGHT="20" WIDTH="16" VPOS="1031" HPOS="275"/>
<String CONTENT="Mid-West" HEIGHT="23" WIDTH="136" VPOS="1029" HPOS="292"/>
<SP HEIGHT="21" WIDTH="18" VPOS="1030" HPOS="429"/>
<String CONTENT="Council" HEIGHT="21" WIDTH="117" VPOS="1030" HPOS="448"/>
<SP HEIGHT="19" WIDTH="19" VPOS="1031" HPOS="566"/>
<String CONTENT="of" HEIGHT="20" WIDTH="33" VPOS="1031" HPOS="586"/>
<SP HEIGHT="19" WIDTH="17" VPOS="1032" HPOS="620"/>
<String CONTENT="the" HEIGHT="20" WIDTH="49" VPOS="1031" HPOS="638"/>
<SP HEIGHT="20" WIDTH="19" VPOS="1032" HPOS="688"/>
<String CONTENT="Assn," HEIGHT="21" WIDTH="78" VPOS="1032" HPOS="708"/>
</TextLine>
<TextLine HEIGHT="34" WIDTH="616" VPOS="1052" HPOS="173">
<String CONTENT="for" HEIGHT="21" WIDTH="49" VPOS="1058" HPOS="173"/>
<SP HEIGHT="20" WIDTH="18" VPOS="1060" HPOS="223"/>
<String CONTENT="Latin" HEIGHT="21" WIDTH="85" VPOS="1059" HPOS="242"/>
<SP HEIGHT="20" WIDTH="15" VPOS="1060" HPOS="328"/>
<String CONTENT="American" HEIGHT="22" WIDTH="136" VPOS="1059" HPOS="344"/>
<SP HEIGHT="20" WIDTH="19" VPOS="1061" HPOS="481"/>
<String CONTENT="Studies," HEIGHT="25" WIDTH="131" VPOS="1060" HPOS="501"/>
<SP HEIGHT="25" WIDTH="22" VPOS="1060" HPOS="633"/>
<String CONTENT="Oct." HEIGHT="21" WIDTH="61" VPOS="1060" HPOS="656"/>
<SP HEIGHT="20" WIDTH="24" VPOS="1061" HPOS="718"/>
<String CONTENT="24-" HEIGHT="24" WIDTH="46" VPOS="1057" HPOS="743"/>
</TextLine>
<TextLine HEIGHT="63" WIDTH="600" VPOS="1082" HPOS="174" CS="1">
<String CONTENT="26," HEIGHT="30" WIDTH="43" VPOS="1083" HPOS="175"/>
<SP HEIGHT="25" WIDTH="24" VPOS="1088" HPOS="219"/>
<String CONTENT="1965," HEIGHT="29" WIDTH="78" VPOS="1083" HPOS="244"/>
<SP HEIGHT="24" WIDTH="20" VPOS="1089" HPOS="323"/>
<String CONTENT="Western" HEIGHT="22" WIDTH="120" VPOS="1088" HPOS="344"/>
<SP HEIGHT="19" WIDTH="16" VPOS="1090" HPOS="465"/>
<String CONTENT="Michigan" HEIGHT="26" WIDTH="137" VPOS="1088" HPOS="482"/>
<SP HEIGHT="19" WIDTH="17" VPOS="1090" HPOS="620"/>
<String CONTENT="University," HEIGHT="60" WIDTH="565" VPOS="1085" HPOS="174"/>
<SP HEIGHT="22" WIDTH="22" VPOS="1117" HPOS="254"/>
<String CONTENT="Kalamazoo." HEIGHT="21" WIDTH="163" VPOS="1116" HPOS="277"/>
<SP HEIGHT="20" WIDTH="38" VPOS="1117" HPOS="441"/>
<String CONTENT="&#169;" HEIGHT="19" WIDTH="19" VPOS="1118" HPOS="480"/>
<SP HEIGHT="20" WIDTH="17" VPOS="1117" HPOS="500"/>
<String CONTENT="Center" HEIGHT="21" WIDTH="101" VPOS="1117" HPOS="518"/>
<SP HEIGHT="14" WIDTH="17" VPOS="1123" HPOS="620"/>
<String CONTENT="of" HEIGHT="20" WIDTH="33" VPOS="1117" HPOS="638"/>
<SP HEIGHT="20" WIDTH="17" VPOS="1117" HPOS="672"/>
<String CONTENT="Latin" HEIGHT="21" WIDTH="84" VPOS="1117" HPOS="690"/>
</TextLine>
<TextLine HEIGHT="34" WIDTH="550" VPOS="1137" HPOS="171" CS="1">
<String CONTENT="American" HEIGHT="22" WIDTH="138" VPOS="1143" HPOS="171"/>
<SP HEIGHT="19" WIDTH="17" VPOS="1145" HPOS="310"/>
<String CONTENT="Studies;" HEIGHT="24" WIDTH="130" VPOS="1145" HPOS="328"/>
<SP HEIGHT="25" WIDTH="23" VPOS="1145" HPOS="459"/>
<String CONTENT="1Jun64;" HEIGHT="30" WIDTH="114" VPOS="1140" HPOS="483"/>
<SP HEIGHT="23" WIDTH="22" VPOS="1147" HPOS="597"/>
<!-- cceid DB38CE15-7222-1014-A92F-CB0463F9F54D --><String CS="1" CONTENT="A235573." HEIGHT="23" WIDTH="100" VPOS="1146" HPOS="620"/>
</TextLine>
<TextLine HEIGHT="26" WIDTH="633" VPOS="1184" HPOS="139">
<String CONTENT="La" HEIGHT="20" WIDTH="34" VPOS="1185" HPOS="139"/>
<SP HEIGHT="19" WIDTH="16" VPOS="1185" HPOS="174"/>
<String CONTENT="formacion" HEIGHT="22" WIDTH="151" VPOS="1184" HPOS="191"/>
<SP HEIGHT="19" WIDTH="20" VPOS="1187" HPOS="343"/>
<String CONTENT="del" HEIGHT="19" WIDTH="47" VPOS="1187" HPOS="364"/>
<SP HEIGHT="18" WIDTH="19" VPOS="1188" HPOS="412"/>
<String CONTENT="estudiante" HEIGHT="22" WIDTH="169" VPOS="1187" HPOS="432"/>
<SP HEIGHT="15" WIDTH="17" VPOS="1194" HPOS="602"/>
<String CONTENT="universi-" HEIGHT="21" WIDTH="152" VPOS="1189" HPOS="620"/>
</TextLine>
<TextLine HEIGHT="32" WIDTH="578" VPOS="1215" HPOS="174">
<String CONTENT="tario." HEIGHT="23" WIDTH="97" VPOS="1215" HPOS="174"/>
<SP HEIGHT="21" WIDTH="40" VPOS="1217" HPOS="272"/>
<String CONTENT="See" HEIGHT="21" WIDTH="47" VPOS="1217" HPOS="313"/>
<SP HEIGHT="20" WIDTH="19" VPOS="1218" HPOS="361"/>
<String CONTENT="SANCHEZ," HEIGHT="28" WIDTH="131" VPOS="1217" HPOS="381"/>
<SP HEIGHT="25" WIDTH="20" VPOS="1220" HPOS="513"/>
<String CONTENT="LUIS" HEIGHT="21" WIDTH="69" VPOS="1220" HPOS="534"/>
<SP HEIGHT="19" WIDTH="16" VPOS="1221" HPOS="604"/>
<String CONTENT="ALBERTO." HEIGHT="22" WIDTH="131" VPOS="1221" HPOS="621"/>
</TextLine>
<TextLine HEIGHT="29" WIDTH="579" VPOS="1256" HPOS="139">
<String CONTENT="Modern" HEIGHT="21" WIDTH="102" VPOS="1256" HPOS="139"/>
<SP HEIGHT="15" WIDTH="20" VPOS="1261" HPOS="241"/>
<String CONTENT="cattle" HEIGHT="21" WIDTH="99" VPOS="1257" HPOS="261"/>
<SP HEIGHT="19" WIDTH="19" VPOS="1259" HPOS="360"/>
<String CONTENT="breeds" HEIGHT="20" WIDTH="101" VPOS="1259" HPOS="379"/>
<SP HEIGHT="19" WIDTH="21" VPOS="1261" HPOS="480"/>
<String CONTENT="in" HEIGHT="19" WIDTH="32" VPOS="1261" HPOS="501"/>
<SP HEIGHT="19" WIDTH="19" VPOS="1260" HPOS="533"/>
<String CONTENT="Argentina:" HEIGHT="25" WIDTH="166" VPOS="1260" HPOS="552"/>
</TextLine>
<TextLine HEIGHT="31" WIDTH="597" VPOS="1285" HPOS="175">
<String CONTENT="origins," HEIGHT="26" WIDTH="132" VPOS="1285" HPOS="175"/>
<SP HEIGHT="24" WIDTH="22" VPOS="1287" HPOS="308"/>
<String CONTENT="diffusion" HEIGHT="21" WIDTH="149" VPOS="1287" HPOS="331"/>
<SP HEIGHT="16" WIDTH="18" VPOS="1292" HPOS="481"/>
<String CONTENT="and" HEIGHT="19" WIDTH="49" VPOS="1290" HPOS="500"/>
<SP HEIGHT="18" WIDTH="19" VPOS="1290" HPOS="550"/>
<String CONTENT="change." HEIGHT="25" WIDTH="112" VPOS="1290" HPOS="570"/>
<SP HEIGHT="20" WIDTH="41" VPOS="1291" HPOS="683"/>
<String CONTENT="See" HEIGHT="20" WIDTH="47" VPOS="1292" HPOS="725"/>
</TextLine>
<TextLine HEIGHT="28" WIDTH="318" VPOS="1314" HPOS="174">
<String CONTENT="WINSBERG," HEIGHT="26" WIDTH="150" VPOS="1314" HPOS="174"/>
<SP HEIGHT="25" WIDTH="20" VPOS="1316" HPOS="325"/>
<String CONTENT="MORTDN" HEIGHT="21" WIDTH="101" VPOS="1316" HPOS="346"/>
<SP HEIGHT="20" WIDTH="18" VPOS="1317" HPOS="448"/>
<String CONTENT="D." HEIGHT="21" WIDTH="25" VPOS="1318" HPOS="467"/>
</TextLine>
<TextLine HEIGHT="29" WIDTH="582" VPOS="1352" HPOS="141">
<String CONTENT="Populism" HEIGHT="25" WIDTH="136" VPOS="1352" HPOS="141"/>
<SP HEIGHT="15" WIDTH="17" VPOS="1358" HPOS="278"/>
<String CONTENT="and" HEIGHT="20" WIDTH="48" VPOS="1354" HPOS="296"/>
<SP HEIGHT="20" WIDTH="17" VPOS="1355" HPOS="345"/>
<String CONTENT="national" HEIGHT="21" WIDTH="136" VPOS="1355" HPOS="363"/>
<SP HEIGHT="19" WIDTH="18" VPOS="1357" HPOS="500"/>
<String CONTENT="awareness" HEIGHT="17" WIDTH="151" VPOS="1361" HPOS="519"/>
<SP HEIGHT="19" WIDTH="19" VPOS="1358" HPOS="671"/>
<String CONTENT="in" HEIGHT="21" WIDTH="32" VPOS="1358" HPOS="691"/>
</TextLine>
<TextLine HEIGHT="31" WIDTH="560" VPOS="1382" HPOS="174">
<String CONTENT="Latin" HEIGHT="21" WIDTH="84" VPOS="1382" HPOS="175"/>
<SP HEIGHT="20" WIDTH="16" VPOS="1383" HPOS="260"/>
<String CONTENT="America." HEIGHT="21" WIDTH="130" VPOS="1383" HPOS="277"/>
<SP HEIGHT="19" WIDTH="41" VPOS="1385" HPOS="408"/>
<String CONTENT="See" HEIGHT="20" WIDTH="48" VPOS="1385" HPOS="450"/>
<SP HEIGHT="19" WIDTH="18" VPOS="1386" HPOS="499"/>
<String CONTENT="ALBA," HEIGHT="26" WIDTH="81" VPOS="1386" HPOS="517"/>
<SP HEIGHT="24" WIDTH="22" VPOS="1388" HPOS="598"/>
<String CONTENT="VICTOR." HEIGHT="22" WIDTH="114" VPOS="1387" HPOS="620"/>
</TextLine>
<TextLine HEIGHT="33" WIDTH="649" VPOS="1417" HPOS="130">
<String CONTENT="Presencia" HEIGHT="22" WIDTH="151" VPOS="1417" HPOS="130"/>
<SP HEIGHT="18" WIDTH="20" VPOS="1420" HPOS="282"/>
<String CONTENT="del" HEIGHT="20" WIDTH="46" VPOS="1420" HPOS="303"/>
<SP HEIGHT="23" WIDTH="20" VPOS="1421" HPOS="350"/>
<String CONTENT="Quijote" HEIGHT="25" WIDTH="115" VPOS="1421" HPOS="371"/>
<SP HEIGHT="15" WIDTH="20" VPOS="1427" HPOS="487"/>
<String CONTENT="en" HEIGHT="15" WIDTH="30" VPOS="1427" HPOS="508"/>
<SP HEIGHT="19" WIDTH="18" VPOS="1423" HPOS="539"/>
<String CONTENT="Hispanoameri-" HEIGHT="27" WIDTH="221" VPOS="1423" HPOS="558"/>
</TextLine>
<TextLine HEIGHT="32" WIDTH="524" VPOS="1446" HPOS="164">
<String CONTENT="ca." HEIGHT="17" WIDTH="44" VPOS="1450" HPOS="164"/>
<SP HEIGHT="20" WIDTH="40" VPOS="1447" HPOS="209"/>
<String CONTENT="See" HEIGHT="20" WIDTH="48" VPOS="1447" HPOS="250"/>
<SP HEIGHT="18" WIDTH="18" VPOS="1449" HPOS="299"/>
<String CONTENT="MARTI" HEIGHT="22" WIDTH="83" VPOS="1448" HPOS="318"/>
<SP HEIGHT="20" WIDTH="18" VPOS="1450" HPOS="402"/>
<String CONTENT="DE" HEIGHT="20" WIDTH="34" VPOS="1450" HPOS="421"/>
<SP HEIGHT="21" WIDTH="16" VPOS="1450" HPOS="456"/>
<String CONTENT="CID," HEIGHT="26" WIDTH="62" VPOS="1451" HPOS="473"/>
<SP HEIGHT="25" WIDTH="23" VPOS="1452" HPOS="536"/>
<String CONTENT="DOLORES." HEIGHT="24" WIDTH="128" VPOS="1451" HPOS="560"/>
</TextLine>
<TextLine HEIGHT="26" WIDTH="583" VPOS="1484" HPOS="158">
<String CONTENT="Temas" HEIGHT="21" WIDTH="83" VPOS="1484" HPOS="158"/>
<SP HEIGHT="15" WIDTH="18" VPOS="1489" HPOS="242"/>
<String CONTENT="universitarios:" HEIGHT="23" WIDTH="252" VPOS="1485" HPOS="261"/>
<SP HEIGHT="21" WIDTH="23" VPOS="1487" HPOS="514"/>
<String CONTENT="Seminario" HEIGHT="21" WIDTH="152" VPOS="1487" HPOS="538"/>
<SP HEIGHT="20" WIDTH="19" VPOS="1488" HPOS="691"/>
<String CONTENT="de" HEIGHT="21" WIDTH="30" VPOS="1488" HPOS="711"/>
</TextLine>
<TextLine HEIGHT="37" WIDTH="585" VPOS="1508" HPOS="191">
<String CONTENT="Paracas," HEIGHT="25" WIDTH="134" VPOS="1513" HPOS="191"/>
<SP HEIGHT="24" WIDTH="21" VPOS="1515" HPOS="325"/>
<String CONTENT="Peru." HEIGHT="19" WIDTH="79" VPOS="1516" HPOS="347"/>
<SP HEIGHT="26" WIDTH="39" VPOS="1510" HPOS="427"/>
<String CONTENT="45" HEIGHT="29" WIDTH="33" VPOS="1511" HPOS="466"/>
<SP HEIGHT="24" WIDTH="18" VPOS="1517" HPOS="499"/>
<String CONTENT="p." HEIGHT="20" WIDTH="30" VPOS="1521" HPOS="517"/>
<SP HEIGHT="31" WIDTH="45" VPOS="1513" HPOS="547"/>
<String CONTENT="(Occasional" HEIGHT="31" WIDTH="184" VPOS="1514" HPOS="592"/>
</TextLine>
<TextLine HEIGHT="34" WIDTH="517" VPOS="1539" HPOS="190">
<String CONTENT="publications," HEIGHT="28" WIDTH="219" VPOS="1541" HPOS="190"/>
<SP HEIGHT="20" WIDTH="21" VPOS="1549" HPOS="410"/>
<String CONTENT="no.9)" HEIGHT="31" WIDTH="80" VPOS="1541" HPOS="432"/>
<SP HEIGHT="30" WIDTH="40" VPOS="1542" HPOS="513"/>
<String CONTENT="Spanish" HEIGHT="26" WIDTH="119" VPOS="1544" HPOS="554"/>
<SP HEIGHT="20" WIDTH="16" VPOS="1545" HPOS="674"/>
<String CONTENT="&amp;" HEIGHT="19" WIDTH="16" VPOS="1546" HPOS="691"/>
</TextLine>
<TextLine HEIGHT="60" WIDTH="567" VPOS="1571" HPOS="191" CS="1">
<String CONTENT="English." HEIGHT="26" WIDTH="131" VPOS="1571" HPOS="192"/>
<SP HEIGHT="21" WIDTH="36" VPOS="1572" HPOS="324"/>
<String CONTENT="&#169;" HEIGHT="20" WIDTH="20" VPOS="1573" HPOS="361"/>
<SP HEIGHT="21" WIDTH="15" VPOS="1573" HPOS="382"/>
<String CONTENT="Center" HEIGHT="22" WIDTH="101" VPOS="1573" HPOS="398"/>
<SP HEIGHT="15" WIDTH="18" VPOS="1579" HPOS="500"/>
<String CONTENT="of" HEIGHT="20" WIDTH="33" VPOS="1574" HPOS="519"/>
<SP HEIGHT="20" WIDTH="17" VPOS="1574" HPOS="553"/>
<String CONTENT="Latin" HEIGHT="21" WIDTH="85" VPOS="1574" HPOS="571"/>
<SP HEIGHT="21" WIDTH="17" VPOS="1575" HPOS="657"/>
<String CONTENT="American" HEIGHT="54" WIDTH="567" VPOS="1571" HPOS="191"/>
<SP HEIGHT="21" WIDTH="18" VPOS="1601" HPOS="242"/>
<String CONTENT="Studies;" HEIGHT="26" WIDTH="131" VPOS="1601" HPOS="261"/>
<SP HEIGHT="25" WIDTH="22" VPOS="1602" HPOS="393"/>
<String CONTENT="1Nov67;" HEIGHT="32" WIDTH="114" VPOS="1597" HPOS="416"/>
<SP HEIGHT="25" WIDTH="23" VPOS="1604" HPOS="531"/>
<!-- cceid DB39DA9B-7222-1014-A92F-CB0463F9F54D --><String CONTENT="A255567." HEIGHT="30" WIDTH="130" VPOS="1598" HPOS="555"/>
</TextLine>
<TextLine HEIGHT="32" WIDTH="582" VPOS="1634" HPOS="135">
<String CONTENT="A" HEIGHT="18" WIDTH="15" VPOS="1636" HPOS="135"/>
<SP HEIGHT="20" WIDTH="19" VPOS="1634" HPOS="151"/>
<String CONTENT="trip" HEIGHT="27" WIDTH="66" VPOS="1634" HPOS="171"/>
<SP HEIGHT="20" WIDTH="17" VPOS="1641" HPOS="238"/>
<String CONTENT="across" HEIGHT="16" WIDTH="98" VPOS="1641" HPOS="256"/>
<SP HEIGHT="21" WIDTH="22" VPOS="1638" HPOS="355"/>
<String CONTENT="the" HEIGHT="21" WIDTH="46" VPOS="1638" HPOS="378"/>
<SP HEIGHT="20" WIDTH="20" VPOS="1643" HPOS="425"/>
<String CONTENT="pampas" HEIGHT="22" WIDTH="98" VPOS="1643" HPOS="446"/>
<SP HEIGHT="15" WIDTH="21" VPOS="1645" HPOS="545"/>
<String CONTENT="of" HEIGHT="21" WIDTH="31" VPOS="1640" HPOS="567"/>
<SP HEIGHT="21" WIDTH="17" VPOS="1641" HPOS="599"/>
<String CONTENT="Buenos" HEIGHT="19" WIDTH="100" VPOS="1643" HPOS="617"/>
</TextLine>
<TextLine HEIGHT="38" WIDTH="581" VPOS="1658" HPOS="169" CS="1">
<String CONTENT="Aires," HEIGHT="26" WIDTH="98" VPOS="1662" HPOS="169"/>
<SP HEIGHT="24" WIDTH="25" VPOS="1664" HPOS="267"/>
<String CS="1" CONTENT="1856-1837." HEIGHT="30" WIDTH="164" VPOS="1659" HPOS="292"/>
<SP HEIGHT="20" WIDTH="40" VPOS="1667" HPOS="456"/>
<String CONTENT="See" HEIGHT="19" WIDTH="48" VPOS="1668" HPOS="496"/>
<SP HEIGHT="19" WIDTH="22" VPOS="1668" HPOS="544"/>
<String CONTENT="CHIKHACHEV," HEIGHT="28" WIDTH="183" VPOS="1668" HPOS="566"/>
</TextLine>
<TextLine HEIGHT="26" WIDTH="353" VPOS="1691" HPOS="169">
<String CONTENT="PLATON" HEIGHT="22" WIDTH="101" VPOS="1691" HPOS="169"/>
<SP HEIGHT="20" WIDTH="16" VPOS="1693" HPOS="271"/>
<String CONTENT="ALEXANDROVICH." HEIGHT="24" WIDTH="234" VPOS="1693" HPOS="288"/>
</TextLine>
<TextLine HEIGHT="32" WIDTH="585" VPOS="1724" HPOS="135">
<String CONTENT="Viewpoints" HEIGHT="27" WIDTH="171" VPOS="1726" HPOS="135"/>
<SP HEIGHT="16" WIDTH="20" VPOS="1732" HPOS="307"/>
<String CONTENT="on" HEIGHT="15" WIDTH="30" VPOS="1733" HPOS="328"/>
<SP HEIGHT="15" WIDTH="18" VPOS="1733" HPOS="359"/>
<String CONTENT="education" HEIGHT="21" WIDTH="153" VPOS="1728" HPOS="378"/>
<SP HEIGHT="14" WIDTH="18" VPOS="1733" HPOS="532"/>
<String CONTENT="and" HEIGHT="20" WIDTH="49" VPOS="1728" HPOS="551"/>
<SP HEIGHT="19" WIDTH="18" VPOS="1729" HPOS="601"/>
<String CONTENT="social" HEIGHT="20" WIDTH="100" VPOS="1728" HPOS="620"/>
</TextLine>
<TextLine HEIGHT="34" WIDTH="526" VPOS="1749" HPOS="172">
<String CONTENT="change" HEIGHT="24" WIDTH="100" VPOS="1756" HPOS="172"/>
<SP HEIGHT="19" WIDTH="20" VPOS="1756" HPOS="273"/>
<String CONTENT="in" HEIGHT="19" WIDTH="31" VPOS="1756" HPOS="294"/>
<SP HEIGHT="19" WIDTH="17" VPOS="1758" HPOS="326"/>
<String CONTENT="Latin" HEIGHT="20" WIDTH="84" VPOS="1757" HPOS="344"/>
<SP HEIGHT="19" WIDTH="18" VPOS="1757" HPOS="429"/>
<String CONTENT="America." HEIGHT="21" WIDTH="129" VPOS="1756" HPOS="448"/>
<SP HEIGHT="25" WIDTH="40" VPOS="1752" HPOS="578"/>
<String CONTENT="65" HEIGHT="28" WIDTH="31" VPOS="1753" HPOS="619"/>
<SP HEIGHT="23" WIDTH="18" VPOS="1758" HPOS="651"/>
<String CONTENT="p." HEIGHT="19" WIDTH="28" VPOS="1762" HPOS="670"/>
</TextLine>
<TextLine HEIGHT="36" WIDTH="524" VPOS="1779" HPOS="175" CS="1">
<String CONTENT="(Occasional" HEIGHT="31" WIDTH="183" VPOS="1782" HPOS="175"/>
<SP HEIGHT="25" WIDTH="17" VPOS="1786" HPOS="358"/>
<String CONTENT="publications," HEIGHT="28" WIDTH="221" VPOS="1785" HPOS="375"/>
<SP HEIGHT="20" WIDTH="21" VPOS="1791" HPOS="596"/>
<String CONTENT="no.5)" HEIGHT="29" WIDTH="82" VPOS="1783" HPOS="617"/>
</TextLine>
<TextLine HEIGHT="29" WIDTH="600" VPOS="1810" HPOS="167">
<String CONTENT="&#169;" HEIGHT="19" WIDTH="20" VPOS="1813" HPOS="167"/>
<SP HEIGHT="21" WIDTH="17" VPOS="1813" HPOS="188"/>
<String CONTENT="Center" HEIGHT="21" WIDTH="100" VPOS="1813" HPOS="206"/>
<SP HEIGHT="16" WIDTH="19" VPOS="1818" HPOS="307"/>
<String CONTENT="of" HEIGHT="19" WIDTH="31" VPOS="1815" HPOS="327"/>
<SP HEIGHT="20" WIDTH="18" VPOS="1815" HPOS="359"/>
<String CONTENT="Latin" HEIGHT="22" WIDTH="83" VPOS="1814" HPOS="378"/>
<SP HEIGHT="19" WIDTH="16" VPOS="1815" HPOS="462"/>
<String CONTENT="American" HEIGHT="22" WIDTH="137" VPOS="1814" HPOS="479"/>
<SP HEIGHT="21" WIDTH="18" VPOS="1814" HPOS="617"/>
<String CONTENT="Studies;" HEIGHT="25" WIDTH="131" VPOS="1814" HPOS="636"/>
</TextLine>
<TextLine HEIGHT="37" WIDTH="548" VPOS="1836" HPOS="189" CS="1">
<String CS="1" CONTENT="1Jan66" HEIGHT="26" WIDTH="83" VPOS="1837" HPOS="189"/>
<SP HEIGHT="31" WIDTH="21" VPOS="1838" HPOS="273"/>
<String CONTENT="(in" HEIGHT="31" WIDTH="46" VPOS="1839" HPOS="295"/>
<SP HEIGHT="15" WIDTH="17" VPOS="1848" HPOS="342"/>
<String CONTENT="notice:" HEIGHT="21" WIDTH="114" VPOS="1843" HPOS="360"/>
<SP HEIGHT="20" WIDTH="23" VPOS="1844" HPOS="475"/>
<String CONTENT="1965);" HEIGHT="32" WIDTH="96" VPOS="1839" HPOS="499"/>
<SP HEIGHT="23" WIDTH="23" VPOS="1845" HPOS="596"/>
<!-- cceid DB3A4635-7222-1014-A92F-CB0463F9F54D --><String CS="1" CONTENT="A235570." HEIGHT="25" WIDTH="117" VPOS="1843" HPOS="620"/>
</TextLine>
<TextLine HEIGHT="32" WIDTH="647" VPOS="1897" HPOS="92" CS="1">
<String CONTENT="UNIVERSITY" HEIGHT="22" WIDTH="172" VPOS="1897" HPOS="92"/>
<SP HEIGHT="21" WIDTH="18" VPOS="1898" HPOS="265"/>
<String CONTENT="OF" HEIGHT="21" WIDTH="31" VPOS="1898" HPOS="284"/>
<SP HEIGHT="21" WIDTH="16" VPOS="1899" HPOS="316"/>
<String CONTENT="KANSAS," HEIGHT="27" WIDTH="114" VPOS="1899" HPOS="333"/>
<SP HEIGHT="25" WIDTH="22" VPOS="1902" HPOS="448"/>
<String CONTENT="LAWRENCE." HEIGHT="25" WIDTH="146" VPOS="1900" HPOS="471"/>
<SP HEIGHT="21" WIDTH="42" VPOS="1904" HPOS="618"/>
<String CONTENT="DEPT." HEIGHT="23" WIDTH="78" VPOS="1904" HPOS="661"/>
</TextLine>
<TextLine HEIGHT="23" WIDTH="181" VPOS="1926" HPOS="128">
<String CONTENT="OF" HEIGHT="21" WIDTH="33" VPOS="1926" HPOS="128"/>
<SP HEIGHT="19" WIDTH="18" VPOS="1927" HPOS="161"/>
<String CONTENT="GEOLOGY." HEIGHT="22" WIDTH="130" VPOS="1927" HPOS="179"/>
</TextLine>
<TextLine HEIGHT="27" WIDTH="596" VPOS="1955" HPOS="127">
<String CONTENT="Pleistocene" HEIGHT="22" WIDTH="184" VPOS="1955" HPOS="127"/>
<SP HEIGHT="15" WIDTH="19" VPOS="1962" HPOS="312"/>
<String CONTENT="and" HEIGHT="19" WIDTH="47" VPOS="1959" HPOS="332"/>
<SP HEIGHT="19" WIDTH="21" VPOS="1959" HPOS="380"/>
<String CONTENT="recent" HEIGHT="20" WIDTH="98" VPOS="1960" HPOS="402"/>
<SP HEIGHT="19" WIDTH="19" VPOS="1961" HPOS="501"/>
<String CONTENT="environments" HEIGHT="21" WIDTH="202" VPOS="1961" HPOS="521"/>
</TextLine>
<TextLine HEIGHT="27" WIDTH="562" VPOS="1985" HPOS="161">
<String CONTENT="of" HEIGHT="19" WIDTH="31" VPOS="1985" HPOS="161"/>
<SP HEIGHT="20" WIDTH="20" VPOS="1985" HPOS="193"/>
<String CONTENT="the" HEIGHT="20" WIDTH="46" VPOS="1986" HPOS="214"/>
<SP HEIGHT="20" WIDTH="19" VPOS="1986" HPOS="261"/>
<String CONTENT="Central" HEIGHT="21" WIDTH="117" VPOS="1986" HPOS="281"/>
<SP HEIGHT="20" WIDTH="18" VPOS="1988" HPOS="399"/>
<String CONTENT="Great" HEIGHT="21" WIDTH="81" VPOS="1988" HPOS="418"/>
<SP HEIGHT="19" WIDTH="20" VPOS="1990" HPOS="500"/>
<String CONTENT="Plains." HEIGHT="21" WIDTH="113" VPOS="1990" HPOS="521"/>
<SP HEIGHT="20" WIDTH="40" VPOS="1991" HPOS="635"/>
<String CONTENT="See" HEIGHT="21" WIDTH="47" VPOS="1991" HPOS="676"/>
</TextLine>
<TextLine HEIGHT="29" WIDTH="334" VPOS="2013" HPOS="161">
<String CONTENT="DORT," HEIGHT="27" WIDTH="79" VPOS="2013" HPOS="161"/>
<SP HEIGHT="25" WIDTH="22" VPOS="2015" HPOS="241"/>
<String CONTENT="WAKEFIELD," HEIGHT="26" WIDTH="165" VPOS="2015" HPOS="264"/>
<SP HEIGHT="24" WIDTH="20" VPOS="2017" HPOS="430"/>
<String CONTENT="JR." HEIGHT="23" WIDTH="44" VPOS="2016" HPOS="451"/>
</TextLine>
<TextLine HEIGHT="31" WIDTH="544" VPOS="2053" HPOS="132" CS="1">
<String CONTENT="Stratigraphic" HEIGHT="28" WIDTH="219" VPOS="2053" HPOS="132"/>
<SP HEIGHT="19" WIDTH="20" VPOS="2058" HPOS="351"/>
<String CONTENT="boundary" HEIGHT="26" WIDTH="139" VPOS="2057" HPOS="371"/>
<SP HEIGHT="20" WIDTH="16" VPOS="2063" HPOS="510"/>
<String CONTENT="problems:" HEIGHT="24" WIDTH="150" VPOS="2059" HPOS="526"/>
</TextLine>
<TextLine HEIGHT="26" WIDTH="479" VPOS="2084" HPOS="166">
<String CONTENT="Permian" HEIGHT="22" WIDTH="120" VPOS="2084" HPOS="166"/>
<SP HEIGHT="15" WIDTH="17" VPOS="2091" HPOS="287"/>
<String CONTENT="and" HEIGHT="20" WIDTH="46" VPOS="2087" HPOS="305"/>
<SP HEIGHT="21" WIDTH="19" VPOS="2087" HPOS="352"/>
<String CONTENT="Triassic" HEIGHT="22" WIDTH="133" VPOS="2087" HPOS="372"/>
<SP HEIGHT="16" WIDTH="20" VPOS="2093" HPOS="506"/>
<String CONTENT="of" HEIGHT="21" WIDTH="32" VPOS="2088" HPOS="527"/>
<SP HEIGHT="21" WIDTH="17" VPOS="2088" HPOS="560"/>
<String CONTENT="West" HEIGHT="22" WIDTH="67" VPOS="2088" HPOS="578"/>
</TextLine>
<TextLine HEIGHT="30" WIDTH="544" VPOS="2113" HPOS="166">
<String CONTENT="Pakistan." HEIGHT="23" WIDTH="149" VPOS="2113" HPOS="166"/>
<SP HEIGHT="21" WIDTH="39" VPOS="2116" HPOS="316"/>
<String CONTENT="See" HEIGHT="20" WIDTH="48" VPOS="2117" HPOS="356"/>
<SP HEIGHT="19" WIDTH="17" VPOS="2117" HPOS="405"/>
<String CONTENT="KUMMEL," HEIGHT="25" WIDTH="116" VPOS="2117" HPOS="423"/>
<SP HEIGHT="23" WIDTH="20" VPOS="2119" HPOS="540"/>
<String CONTENT="BERNHARD." HEIGHT="22" WIDTH="149" VPOS="2117" HPOS="561"/>
</TextLine>
<TextLine HEIGHT="33" WIDTH="647" VPOS="2162" HPOS="104" CS="1">
<String CONTENT="UNIVERSITY" HEIGHT="23" WIDTH="173" VPOS="2162" HPOS="104"/>
<SP HEIGHT="21" WIDTH="17" VPOS="2164" HPOS="278"/>
<String CONTENT="OF" HEIGHT="21" WIDTH="32" VPOS="2165" HPOS="296"/>
<SP HEIGHT="20" WIDTH="16" VPOS="2166" HPOS="329"/>
<String CONTENT="KANSAS," HEIGHT="28" WIDTH="113" VPOS="2165" HPOS="346"/>
<SP HEIGHT="25" WIDTH="22" VPOS="2168" HPOS="460"/>
<String CONTENT="LAWRENCE." HEIGHT="23" WIDTH="147" VPOS="2168" HPOS="483"/>
<SP HEIGHT="20" WIDTH="41" VPOS="2171" HPOS="631"/>
<String CONTENT="DEPT." HEIGHT="22" WIDTH="78" VPOS="2171" HPOS="673"/>
</TextLine>
<TextLine HEIGHT="24" WIDTH="234" VPOS="2192" HPOS="139">
<String CONTENT="OF" HEIGHT="20" WIDTH="33" VPOS="2192" HPOS="139"/>
<SP HEIGHT="20" WIDTH="18" VPOS="2192" HPOS="172"/>
<String CONTENT="PHILOSOPHY." HEIGHT="24" WIDTH="183" VPOS="2192" HPOS="190"/>
</TextLine>
<TextLine HEIGHT="62" WIDTH="619" VPOS="2221" HPOS="137" CS="1">
<String CONTENT="Buber" HEIGHT="21" WIDTH="84" VPOS="2221" HPOS="137"/>
<SP HEIGHT="14" WIDTH="19" VPOS="2228" HPOS="222"/>
<String CONTENT="and" HEIGHT="20" WIDTH="47" VPOS="2223" HPOS="242"/>
<SP HEIGHT="19" WIDTH="20" VPOS="2223" HPOS="290"/>
<String CONTENT="Buberism:" HEIGHT="23" WIDTH="146" VPOS="2224" HPOS="311"/>
<SP HEIGHT="15" WIDTH="22" VPOS="2232" HPOS="458"/>
<String CONTENT="a" HEIGHT="14" WIDTH="16" VPOS="2232" HPOS="481"/>
<SP HEIGHT="16" WIDTH="18" VPOS="2231" HPOS="498"/>
<String CONTENT="critical" HEIGHT="21" WIDTH="134" VPOS="2227" HPOS="517"/>
<SP HEIGHT="20" WIDTH="19" VPOS="2228" HPOS="652"/>
<String CONTENT="evaluation." HEIGHT="50" WIDTH="585" VPOS="2226" HPOS="171"/>
<SP HEIGHT="20" WIDTH="40" VPOS="2252" HPOS="270"/>
<String CONTENT="See" HEIGHT="20" WIDTH="48" VPOS="2252" HPOS="311"/>
<SP HEIGHT="20" WIDTH="18" VPOS="2253" HPOS="360"/>
<String CONTENT="EDWARDS," HEIGHT="28" WIDTH="130" VPOS="2253" HPOS="379"/>
<SP HEIGHT="25" WIDTH="23" VPOS="2256" HPOS="510"/>
<String CONTENT="PAUL." HEIGHT="22" WIDTH="78" VPOS="2256" HPOS="534"/>
</TextLine>
<TextLine HEIGHT="33" WIDTH="530" VPOS="2302" HPOS="93">
<String CONTENT="UNIVERSITY" HEIGHT="24" WIDTH="174" VPOS="2302" HPOS="94"/>
<SP HEIGHT="21" WIDTH="19" VPOS="2305" HPOS="268"/>
<String CONTENT="OF" HEIGHT="20" WIDTH="32" VPOS="2305" HPOS="288"/>
<SP HEIGHT="21" WIDTH="15" VPOS="2306" HPOS="320"/>
<String CONTENT="KANSAS," HEIGHT="27" WIDTH="116" VPOS="2306" HPOS="335"/>
<SP HEIGHT="26" WIDTH="24" VPOS="2308" HPOS="451"/>
<String CONTENT="LAWRENCE." HEIGHT="23" WIDTH="148" VPOS="2308" HPOS="475"/>
</TextLine>
<TextLine HEIGHT="25" WIDTH="285" VPOS="2333" HPOS="131">
<String CONTENT="LINGUISTICS" HEIGHT="22" WIDTH="185" VPOS="2333" HPOS="131"/>
<SP HEIGHT="20" WIDTH="18" VPOS="2335" HPOS="317"/>
<String CONTENT="DEPT." HEIGHT="22" WIDTH="80" VPOS="2336" HPOS="336"/>
</TextLine>
<TextLine HEIGHT="32" WIDTH="615" VPOS="2362" HPOS="130" CS="1">
<String CONTENT="Papers" HEIGHT="25" WIDTH="100" VPOS="2362" HPOS="130"/>
<SP HEIGHT="15" WIDTH="23" VPOS="2368" HPOS="231"/>
<String CS="1" CONTENT="&#8230;"/>
<SP HEIGHT="19" WIDTH="23" VPOS="2364" HPOS="297"/>
<String CONTENT="October" HEIGHT="22" WIDTH="117" VPOS="2363" HPOS="321"/>
<SP HEIGHT="23" WIDTH="16" VPOS="2365" HPOS="439"/>
<String CS="1" CONTENT="30-31," HEIGHT="26" WIDTH="98" VPOS="2366" HPOS="456"/>
<SP HEIGHT="25" WIDTH="21" VPOS="2367" HPOS="555"/>
<String CONTENT="1970." HEIGHT="25" WIDTH="80" VPOS="2366" HPOS="577"/>
<SP HEIGHT="19" WIDTH="38" VPOS="2369" HPOS="658"/>
<String CONTENT="See" HEIGHT="20" WIDTH="48" VPOS="2369" HPOS="697"/>
</TextLine>
<TextLine HEIGHT="32" WIDTH="597" VPOS="2391" HPOS="162">
<String CONTENT="KANSAS" HEIGHT="21" WIDTH="103" VPOS="2391" HPOS="162"/>
<SP HEIGHT="20" WIDTH="18" VPOS="2392" HPOS="266"/>
<String CONTENT="LINGUISTICS" HEIGHT="23" WIDTH="184" VPOS="2392" HPOS="285"/>
<SP HEIGHT="20" WIDTH="20" VPOS="2395" HPOS="470"/>
<String CONTENT="CONFERENCE," HEIGHT="27" WIDTH="183" VPOS="2395" HPOS="491"/>
<SP HEIGHT="24" WIDTH="22" VPOS="2398" HPOS="675"/>
<String CONTENT="5TH," HEIGHT="25" WIDTH="61" VPOS="2398" HPOS="698"/>
</TextLine>
<TextLine HEIGHT="30" WIDTH="459" VPOS="2420" HPOS="162">
<String CONTENT="UNIVERSITY" HEIGHT="23" WIDTH="173" VPOS="2420" HPOS="162"/>
<SP HEIGHT="20" WIDTH="17" VPOS="2422" HPOS="336"/>
<String CONTENT="OF" HEIGHT="21" WIDTH="32" VPOS="2422" HPOS="354"/>
<SP HEIGHT="20" WIDTH="15" VPOS="2423" HPOS="387"/>
<String CONTENT="KANSAS," HEIGHT="26" WIDTH="115" VPOS="2423" HPOS="403"/>
<SP HEIGHT="24" WIDTH="23" VPOS="2425" HPOS="519"/>
<String CONTENT="1970." HEIGHT="24" WIDTH="78" VPOS="2425" HPOS="543"/>
</TextLine>
<TextLine HEIGHT="33" WIDTH="671" VPOS="2469" HPOS="100">
<String CONTENT="UNIVERSITY" HEIGHT="24" WIDTH="171" VPOS="2469" HPOS="100"/>
<SP HEIGHT="21" WIDTH="19" VPOS="2472" HPOS="272"/>
<String CONTENT="OF" HEIGHT="21" WIDTH="33" VPOS="2472" HPOS="292"/>
<SP HEIGHT="20" WIDTH="13" VPOS="2474" HPOS="326"/>
<String CONTENT="KANSAS," HEIGHT="28" WIDTH="118" VPOS="2472" HPOS="340"/>
<SP HEIGHT="26" WIDTH="19" VPOS="2474" HPOS="459"/>
<String CONTENT="LAWRENCE." HEIGHT="23" WIDTH="149" VPOS="2473" HPOS="479"/>
<SP HEIGHT="21" WIDTH="39" VPOS="2475" HPOS="629"/>
<String CONTENT="SCHOOL" HEIGHT="22" WIDTH="102" VPOS="2475" HPOS="669"/>
</TextLine>
<TextLine HEIGHT="22" WIDTH="200" VPOS="2501" HPOS="136">
<String CONTENT="OF" HEIGHT="20" WIDTH="33" VPOS="2501" HPOS="136"/>
<SP HEIGHT="20" WIDTH="17" VPOS="2501" HPOS="170"/>
<String CONTENT="BUSINESS." HEIGHT="22" WIDTH="148" VPOS="2501" HPOS="188"/>
</TextLine>
<TextLine HEIGHT="61" WIDTH="630" VPOS="2530" HPOS="135" CS="1">
<String CONTENT="Asset" HEIGHT="21" WIDTH="85" VPOS="2530" HPOS="135"/>
<SP HEIGHT="20" WIDTH="18" VPOS="2532" HPOS="221"/>
<String CONTENT="valuation" HEIGHT="22" WIDTH="152" VPOS="2531" HPOS="240"/>
<SP HEIGHT="15" WIDTH="18" VPOS="2537" HPOS="393"/>
<String CONTENT="and" HEIGHT="20" WIDTH="49" VPOS="2533" HPOS="412"/>
<SP HEIGHT="20" WIDTH="19" VPOS="2533" HPOS="462"/>
<String CONTENT="income" HEIGHT="20" WIDTH="99" VPOS="2533" HPOS="482"/>
<SP HEIGHT="20" WIDTH="19" VPOS="2534" HPOS="582"/>
<String CONTENT="determination." HEIGHT="54" WIDTH="583" VPOS="2530" HPOS="171"/>
<SP HEIGHT="20" WIDTH="40" VPOS="2560" HPOS="251"/>
<String CONTENT="See" HEIGHT="21" WIDTH="47" VPOS="2560" HPOS="292"/>
<SP HEIGHT="19" WIDTH="19" VPOS="2562" HPOS="340"/>
<String CONTENT="STERLING," HEIGHT="28" WIDTH="148" VPOS="2561" HPOS="360"/>
<SP HEIGHT="27" WIDTH="21" VPOS="2562" HPOS="509"/>
<String CONTENT="ROBERT" HEIGHT="22" WIDTH="102" VPOS="2562" HPOS="531"/>
<SP HEIGHT="20" WIDTH="17" VPOS="2564" HPOS="634"/>
<String CONTENT="R.," HEIGHT="25" WIDTH="45" VPOS="2564" HPOS="652"/>
<SP HEIGHT="21" WIDTH="23" VPOS="2569" HPOS="698"/>
<String CONTENT="ed." HEIGHT="19" WIDTH="43" VPOS="2565" HPOS="722"/>
</TextLine>
<TextLine HEIGHT="25" WIDTH="356" VPOS="2602" HPOS="93">
<String CONTENT="UNIVERSITY" HEIGHT="23" WIDTH="172" VPOS="2602" HPOS="93"/>
<SP HEIGHT="21" WIDTH="18" VPOS="2604" HPOS="266"/>
<String CONTENT="OF" HEIGHT="21" WIDTH="31" VPOS="2604" HPOS="285"/>
<SP HEIGHT="21" WIDTH="17" VPOS="2605" HPOS="317"/>
<String CONTENT="LONDON." HEIGHT="22" WIDTH="114" VPOS="2605" HPOS="335"/>
</TextLine>
<TextLine HEIGHT="34" WIDTH="665" VPOS="2633" HPOS="128">
<String CONTENT="Political" HEIGHT="22" WIDTH="153" VPOS="2633" HPOS="128"/>
<SP HEIGHT="20" WIDTH="17" VPOS="2635" HPOS="282"/>
<String CONTENT="attitudes" HEIGHT="21" WIDTH="151" VPOS="2636" HPOS="300"/>
<SP HEIGHT="16" WIDTH="21" VPOS="2642" HPOS="452"/>
<String CONTENT="of" HEIGHT="19" WIDTH="29" VPOS="2640" HPOS="474"/>
<SP HEIGHT="20" WIDTH="19" VPOS="2639" HPOS="504"/>
<String CONTENT="Indian" HEIGHT="21" WIDTH="100" VPOS="2639" HPOS="524"/>
<SP HEIGHT="19" WIDTH="19" VPOS="2641" HPOS="625"/>
<String CONTENT="industry:" HEIGHT="26" WIDTH="148" VPOS="2641" HPOS="645"/>
</TextLine>
<TextLine HEIGHT="30" WIDTH="596" VPOS="2663" HPOS="163">
<String CONTENT="a" HEIGHT="15" WIDTH="15" VPOS="2667" HPOS="163"/>
<SP HEIGHT="16" WIDTH="17" VPOS="2667" HPOS="179"/>
<String CONTENT="case" HEIGHT="15" WIDTH="65" VPOS="2668" HPOS="197"/>
<SP HEIGHT="14" WIDTH="20" VPOS="2669" HPOS="263"/>
<String CONTENT="study" HEIGHT="26" WIDTH="84" VPOS="2664" HPOS="284"/>
<SP HEIGHT="20" WIDTH="17" VPOS="2670" HPOS="369"/>
<String CONTENT="of" HEIGHT="20" WIDTH="31" VPOS="2666" HPOS="387"/>
<SP HEIGHT="20" WIDTH="17" VPOS="2666" HPOS="419"/>
<String CONTENT="the" HEIGHT="21" WIDTH="49" VPOS="2666" HPOS="437"/>
<SP HEIGHT="19" WIDTH="18" VPOS="2669" HPOS="487"/>
<String CONTENT="Baroda" HEIGHT="21" WIDTH="101" VPOS="2668" HPOS="506"/>
<SP HEIGHT="19" WIDTH="18" VPOS="2670" HPOS="608"/>
<String CONTENT="business" HEIGHT="20" WIDTH="132" VPOS="2670" HPOS="627"/>
</TextLine>
<TextLine HEIGHT="30" WIDTH="491" VPOS="2692" HPOS="163">
<String CONTENT="elite." HEIGHT="21" WIDTH="95" VPOS="2692" HPOS="163"/>
<SP HEIGHT="20" WIDTH="41" VPOS="2693" HPOS="259"/>
<String CONTENT="See" HEIGHT="22" WIDTH="46" VPOS="2693" HPOS="301"/>
<SP HEIGHT="20" WIDTH="19" VPOS="2695" HPOS="348"/>
<String CONTENT="ERDMAN," HEIGHT="26" WIDTH="115" VPOS="2695" HPOS="368"/>
<SP HEIGHT="24" WIDTH="21" VPOS="2697" HPOS="484"/>
<String CONTENT="HOWARD" HEIGHT="21" WIDTH="102" VPOS="2697" HPOS="506"/>
<SP HEIGHT="20" WIDTH="16" VPOS="2698" HPOS="609"/>
<String CONTENT="L." HEIGHT="20" WIDTH="28" VPOS="2698" HPOS="626"/>
</TextLine>
<TextLine HEIGHT="32" WIDTH="549" VPOS="2753" HPOS="94" CS="1">
<String CONTENT="UNIVERSITY" HEIGHT="22" WIDTH="172" VPOS="2755" HPOS="94"/>
<SP HEIGHT="21" WIDTH="16" VPOS="2756" HPOS="267"/>
<String CONTENT="OF" HEIGHT="20" WIDTH="33" VPOS="2756" HPOS="284"/>
<SP HEIGHT="21" WIDTH="15" VPOS="2756" HPOS="318"/>
<String CONTENT="MAINE," HEIGHT="27" WIDTH="100" VPOS="2756" HPOS="334"/>
<SP HEIGHT="28" WIDTH="20" VPOS="2756" HPOS="435"/>
<String CS="1" CONTENT="ORONO." HEIGHT="22" WIDTH="79" VPOS="2756" HPOS="474"/>
<SP HEIGHT="23" WIDTH="40" VPOS="2756" HPOS="554"/>
<String CONTENT="See" HEIGHT="20" WIDTH="48" VPOS="2757" HPOS="595"/>
</TextLine>
<TextLine HEIGHT="29" WIDTH="496" VPOS="2783" HPOS="128">
<String CONTENT="VARSITY" HEIGHT="21" WIDTH="121" VPOS="2785" HPOS="128"/>
<SP HEIGHT="21" WIDTH="16" VPOS="2785" HPOS="250"/>
<String CONTENT="ATHLETIC" HEIGHT="21" WIDTH="134" VPOS="2785" HPOS="267"/>
<SP HEIGHT="20" WIDTH="19" VPOS="2786" HPOS="402"/>
<String CONTENT="RECORD" HEIGHT="21" WIDTH="102" VPOS="2785" HPOS="422"/>
<SP HEIGHT="20" WIDTH="16" VPOS="2786" HPOS="525"/>
<String CONTENT="BOOK," HEIGHT="26" WIDTH="82" VPOS="2786" HPOS="542"/>
</TextLine>
<TextLine HEIGHT="31" WIDTH="459" VPOS="2811" HPOS="162" CS="1">
<String CONTENT="UNIVERSITY" HEIGHT="22" WIDTH="174" VPOS="2813" HPOS="162"/>
<SP HEIGHT="20" WIDTH="16" VPOS="2815" HPOS="337"/>
<String CONTENT="OF" HEIGHT="20" WIDTH="31" VPOS="2815" HPOS="354"/>
<SP HEIGHT="20" WIDTH="16" VPOS="2815" HPOS="386"/>
<String CONTENT="MAINE," HEIGHT="26" WIDTH="99" VPOS="2815" HPOS="403"/>
<SP HEIGHT="27" WIDTH="22" VPOS="2814" HPOS="503"/>
<String CS="1" CONTENT="ORONO." HEIGHT="21" WIDTH="78" VPOS="2815" HPOS="543"/>
</TextLine>
<TextLine HEIGHT="36" WIDTH="634" VPOS="2870" HPOS="90" CS="1">
<String CONTENT="UNIVERSITY" HEIGHT="23" WIDTH="172" VPOS="2875" HPOS="90"/>
<SP HEIGHT="21" WIDTH="18" VPOS="2876" HPOS="263"/>
<String CONTENT="OF" HEIGHT="20" WIDTH="32" VPOS="2876" HPOS="282"/>
<SP HEIGHT="21" WIDTH="16" VPOS="2876" HPOS="315"/>
<String CONTENT="MAINE," HEIGHT="27" WIDTH="98" VPOS="2876" HPOS="332"/>
<SP HEIGHT="27" WIDTH="22" VPOS="2876" HPOS="431"/>
<String CS="1" CONTENT="ORONO." HEIGHT="6" WIDTH="7" VPOS="2890" HPOS="543"/>
<SP HEIGHT="23" WIDTH="39" VPOS="2874" HPOS="551"/>
<String CONTENT="ATHLETIC" HEIGHT="23" WIDTH="133" VPOS="2874" HPOS="591"/>
</TextLine>
<TextLine HEIGHT="22" WIDTH="170" VPOS="2905" HPOS="125" CS="1">
<String CONTENT="DEPT." HEIGHT="21" WIDTH="81" VPOS="2906" HPOS="125"/>
<SP HEIGHT="21" WIDTH="40" VPOS="2906" HPOS="207"/>
<String CONTENT="See" HEIGHT="20" WIDTH="47" VPOS="2906" HPOS="248"/>
</TextLine>
<TextLine HEIGHT="29" WIDTH="494" VPOS="2930" HPOS="126">
<String CONTENT="VARSITY" HEIGHT="23" WIDTH="120" VPOS="2933" HPOS="126"/>
<SP HEIGHT="20" WIDTH="17" VPOS="2934" HPOS="247"/>
<String CONTENT="ATHLETIC" HEIGHT="22" WIDTH="133" VPOS="2933" HPOS="265"/>
<SP HEIGHT="20" WIDTH="20" VPOS="2934" HPOS="399"/>
<String CONTENT="RECORD" HEIGHT="20" WIDTH="101" VPOS="2934" HPOS="420"/>
<SP HEIGHT="19" WIDTH="17" VPOS="2933" HPOS="522"/>
<String CONTENT="BOOK," HEIGHT="26" WIDTH="80" VPOS="2933" HPOS="540"/>
</TextLine>
<TextLine HEIGHT="31" WIDTH="459" VPOS="2958" HPOS="161">
<String CONTENT="UNIVERSITY" HEIGHT="23" WIDTH="171" VPOS="2961" HPOS="162"/>
<SP HEIGHT="21" WIDTH="17" VPOS="2962" HPOS="334"/>
<String CONTENT="OF" HEIGHT="21" WIDTH="31" VPOS="2962" HPOS="352"/>
<SP HEIGHT="20" WIDTH="16" VPOS="2962" HPOS="384"/>
<String CONTENT="MAINE," HEIGHT="26" WIDTH="100" VPOS="2962" HPOS="400"/>
<SP HEIGHT="27" WIDTH="23" VPOS="2961" HPOS="500"/>
<String CONTENT="ORONO." HEIGHT="21" WIDTH="96" VPOS="2961" HPOS="524"/>
</TextLine>
</TextBlock>
<TextBlock ID="Page1418_Block3" HEIGHT="2776" WIDTH="764" VPOS="216" HPOS="819" LANG="en-US" CS="1" STYLEREFS="StyleId-4DAE7011-971F-40A2-9C54-A1D8A2755E72-">
<Shape>
<Polygon POINTS="841,216 859,216 859,217 990,217 990,218 1122,218 1122,219 1254,219 1254,220 1385,220 1385,221 1517,221 1517,222 1583,222 1583,226 1582,226 1582,357 1581,357 1581,489 1580,489 1580,620 1579,620 1579,752 1578,752 1578,884 1577,884 1577,1015 1576,1015 1576,1147 1575,1147 1575,1278 1574,1278 1574,1410 1573,1410 1573,1541 1572,1541 1572,1673 1571,1673 1571,1805 1570,1805 1570,1936 1569,1936 1569,2068 1568,2068 1568,2199 1567,2199 1567,2331 1566,2331 1566,2463 1565,2463 1565,2594 1564,2594 1564,2726 1563,2726 1563,2857 1562,2857 1562,2989 1561,2989 1561,2992 1505,2992 1505,2991 1373,2991 1373,2990 1241,2990 1241,2989 1110,2989 1110,2988 978,2988 978,2987 847,2987 847,2986 819,2986 819,2985 820,2985 820,2853 821,2853 821,2722 822,2722 822,2590 823,2590 823,2459 824,2459 824,2327 825,2327 825,2195 826,2195 826,2064 827,2064 827,1932 828,1932 828,1801 829,1801 829,1669 830,1669 830,1537 831,1537 831,1406 832,1406 832,1274 833,1274 833,1143 834,1143 834,1011 835,1011 835,880 836,880 836,748 837,748 837,616 838,616 838,485 839,485 839,353 840,353 840,222 841,222 841,216"/>
</Shape>
<TextLine HEIGHT="42" WIDTH="616" VPOS="271" HPOS="896">
<String CONTENT="UNIVERSITY" HEIGHT="27" WIDTH="167" VPOS="271" HPOS="896"/>
<SP HEIGHT="20" WIDTH="19" VPOS="279" HPOS="1064"/>
<String CONTENT="OF" HEIGHT="20" WIDTH="33" VPOS="279" HPOS="1084"/>
<SP HEIGHT="21" WIDTH="15" VPOS="280" HPOS="1118"/>
<String CONTENT="MARYLAND," HEIGHT="30" WIDTH="149" VPOS="281" HPOS="1134"/>
<SP HEIGHT="25" WIDTH="21" VPOS="286" HPOS="1284"/>
<String CONTENT="COLLEGE" HEIGHT="24" WIDTH="117" VPOS="286" HPOS="1306"/>
<SP HEIGHT="20" WIDTH="20" VPOS="291" HPOS="1424"/>
<String CONTENT="PARK" HEIGHT="22" WIDTH="67" VPOS="291" HPOS="1445"/>
</TextLine>
<TextLine HEIGHT="31" WIDTH="319" VPOS="303" HPOS="928">
<String CONTENT="DEPT." HEIGHT="23" WIDTH="79" VPOS="303" HPOS="928"/>
<SP HEIGHT="20" WIDTH="23" VPOS="307" HPOS="1008"/>
<String CONTENT="OF" HEIGHT="20" WIDTH="32" VPOS="307" HPOS="1032"/>
<SP HEIGHT="20" WIDTH="16" VPOS="308" HPOS="1065"/>
<String CONTENT="GEOGRAPHY." HEIGHT="25" WIDTH="165" VPOS="309" HPOS="1082"/>
</TextLine>
<TextLine HEIGHT="98" WIDTH="617" VPOS="330" HPOS="925" CS="1">
<String CONTENT="A" HEIGHT="21" WIDTH="16" VPOS="330" HPOS="926"/>
<SP HEIGHT="27" WIDTH="18" VPOS="330" HPOS="942"/>
<String CONTENT="general" HEIGHT="23" WIDTH="118" VPOS="335" HPOS="960"/>
<SP HEIGHT="21" WIDTH="19" VPOS="336" HPOS="1078"/>
<String CONTENT="and" HEIGHT="21" WIDTH="51" VPOS="338" HPOS="1097"/>
<SP HEIGHT="21" WIDTH="18" VPOS="339" HPOS="1148"/>
<String CONTENT="comprehensive" HEIGHT="26" WIDTH="221" VPOS="343" HPOS="1166"/>
<SP HEIGHT="20" WIDTH="19" VPOS="348" HPOS="1387"/>
<String CONTENT="theoretical" HEIGHT="44" WIDTH="581" VPOS="344" HPOS="961"/>
<SP HEIGHT="21" WIDTH="15" VPOS="363" HPOS="1011"/>
<String CONTENT="model" HEIGHT="20" WIDTH="83" VPOS="366" HPOS="1027"/>
<SP HEIGHT="20" WIDTH="20" VPOS="367" HPOS="1111"/>
<String CONTENT="of" HEIGHT="20" WIDTH="32" VPOS="368" HPOS="1132"/>
<SP HEIGHT="21" WIDTH="18" VPOS="368" HPOS="1165"/>
<String CONTENT="slope" HEIGHT="27" WIDTH="81" VPOS="370" HPOS="1184"/>
<SP HEIGHT="21" WIDTH="18" VPOS="377" HPOS="1266"/>
<String CONTENT="profile" HEIGHT="24" WIDTH="118" VPOS="375" HPOS="1285"/>
<SP HEIGHT="20" WIDTH="18" VPOS="377" HPOS="1404"/>
<String CONTENT="development." HEIGHT="44" WIDTH="583" VPOS="373" HPOS="958"/>
<SP HEIGHT="19" WIDTH="40" VPOS="396" HPOS="1038"/>
<String CONTENT="See" HEIGHT="22" WIDTH="48" VPOS="396" HPOS="1079"/>
<SP HEIGHT="20" WIDTH="17" VPOS="398" HPOS="1128"/>
<String CONTENT="AHNERT," HEIGHT="28" WIDTH="116" VPOS="398" HPOS="1146"/>
<SP HEIGHT="23" WIDTH="21" VPOS="403" HPOS="1263"/>
<String CONTENT="FRANK." HEIGHT="22" WIDTH="95" VPOS="403" HPOS="1285"/>
</TextLine>
<TextLine HEIGHT="35" WIDTH="627" VPOS="447" HPOS="885">
<String CONTENT="UNIVERSITY" HEIGHT="24" WIDTH="168" VPOS="447" HPOS="885"/>
<SP HEIGHT="19" WIDTH="20" VPOS="452" HPOS="1054"/>
<String CONTENT="OF" HEIGHT="19" WIDTH="31" VPOS="452" HPOS="1075"/>
<SP HEIGHT="21" WIDTH="15" VPOS="452" HPOS="1107"/>
<String CONTENT="MARYLAND," HEIGHT="28" WIDTH="152" VPOS="453" HPOS="1123"/>
<SP HEIGHT="25" WIDTH="20" VPOS="456" HPOS="1276"/>
<String CONTENT="COLLEGE" HEIGHT="22" WIDTH="118" VPOS="456" HPOS="1297"/>
<SP HEIGHT="20" WIDTH="17" VPOS="457" HPOS="1416"/>
<String CONTENT="PARK." HEIGHT="22" WIDTH="78" VPOS="457" HPOS="1434"/>
</TextLine>
<TextLine HEIGHT="28" WIDTH="337" VPOS="477" HPOS="918">
<String CONTENT="DEPT." HEIGHT="23" WIDTH="81" VPOS="477" HPOS="918"/>
<SP HEIGHT="20" WIDTH="24" VPOS="480" HPOS="999"/>
<String CONTENT="OF" HEIGHT="19" WIDTH="31" VPOS="480" HPOS="1023"/>
<SP HEIGHT="20" WIDTH="20" VPOS="480" HPOS="1054"/>
<String CONTENT="JOURNALISM." HEIGHT="24" WIDTH="181" VPOS="481" HPOS="1074"/>
</TextLine>
<TextLine HEIGHT="34" WIDTH="580" VPOS="505" HPOS="916">
<String CONTENT="Why" HEIGHT="26" WIDTH="51" VPOS="505" HPOS="916"/>
<SP HEIGHT="20" WIDTH="18" VPOS="511" HPOS="968"/>
<String CONTENT="aren't" HEIGHT="21" WIDTH="98" VPOS="508" HPOS="987"/>
<SP HEIGHT="20" WIDTH="18" VPOS="509" HPOS="1086"/>
<String CONTENT="we" HEIGHT="16" WIDTH="31" VPOS="514" HPOS="1105"/>
<SP HEIGHT="21" WIDTH="20" VPOS="515" HPOS="1137"/>
<String CONTENT="getting" HEIGHT="26" WIDTH="118" VPOS="511" HPOS="1158"/>
<SP HEIGHT="24" WIDTH="17" VPOS="513" HPOS="1277"/>
<String CONTENT="through?" HEIGHT="26" WIDTH="133" VPOS="513" HPOS="1295"/>
<SP HEIGHT="20" WIDTH="21" VPOS="515" HPOS="1429"/>
<String CONTENT="the" HEIGHT="20" WIDTH="45" VPOS="515" HPOS="1451"/>
</TextLine>
<TextLine HEIGHT="28" WIDTH="545" VPOS="536" HPOS="951">
<String CONTENT="urban" HEIGHT="20" WIDTH="84" VPOS="536" HPOS="951"/>
<SP HEIGHT="16" WIDTH="18" VPOS="541" HPOS="1036"/>
<String CONTENT="communication" HEIGHT="23" WIDTH="220" VPOS="538" HPOS="1055"/>
<SP HEIGHT="15" WIDTH="18" VPOS="546" HPOS="1276"/>
<String CONTENT="crisis." HEIGHT="21" WIDTH="112" VPOS="542" HPOS="1295"/>
<SP HEIGHT="20" WIDTH="40" VPOS="544" HPOS="1408"/>
<String CONTENT="See" HEIGHT="20" WIDTH="47" VPOS="544" HPOS="1449"/>
</TextLine>
<TextLine HEIGHT="31" WIDTH="371" VPOS="563" HPOS="950">
<String CONTENT="MIDURA," HEIGHT="27" WIDTH="115" VPOS="563" HPOS="950"/>
<SP HEIGHT="24" WIDTH="20" VPOS="566" HPOS="1066"/>
<String CONTENT="EDMUND" HEIGHT="21" WIDTH="103" VPOS="566" HPOS="1087"/>
<SP HEIGHT="20" WIDTH="15" VPOS="568" HPOS="1191"/>
<String CONTENT="M.," HEIGHT="25" WIDTH="47" VPOS="569" HPOS="1207"/>
<SP HEIGHT="20" WIDTH="20" VPOS="574" HPOS="1255"/>
<String CONTENT="ed." HEIGHT="20" WIDTH="45" VPOS="569" HPOS="1276"/>
</TextLine>
<TextLine HEIGHT="30" WIDTH="579" VPOS="606" HPOS="878">
<String CONTENT="UNIVERSITY" HEIGHT="25" WIDTH="174" VPOS="606" HPOS="878"/>
<SP HEIGHT="20" WIDTH="16" VPOS="611" HPOS="1052"/>
<String CONTENT="OF" HEIGHT="21" WIDTH="34" VPOS="611" HPOS="1068"/>
<SP HEIGHT="21" WIDTH="15" VPOS="611" HPOS="1102"/>
<String CONTENT="MASSACHUSETTS" HEIGHT="25" WIDTH="225" VPOS="610" HPOS="1117"/>
<SP HEIGHT="22" WIDTH="17" VPOS="613" HPOS="1342"/>
<String CONTENT="PRESS." HEIGHT="23" WIDTH="98" VPOS="613" HPOS="1359"/>
</TextLine>
<TextLine HEIGHT="34" WIDTH="649" VPOS="638" HPOS="912">
<String CONTENT="And" HEIGHT="21" WIDTH="51" VPOS="638" HPOS="912"/>
<SP HEIGHT="21" WIDTH="19" VPOS="639" HPOS="964"/>
<String CONTENT="sandpipers" HEIGHT="28" WIDTH="166" VPOS="640" HPOS="984"/>
<SP HEIGHT="15" WIDTH="21" VPOS="648" HPOS="1151"/>
<String CONTENT="she" HEIGHT="20" WIDTH="46" VPOS="643" HPOS="1173"/>
<SP HEIGHT="15" WIDTH="20" VPOS="649" HPOS="1220"/>
<String CONTENT="said." HEIGHT="22" WIDTH="77" VPOS="643" HPOS="1241"/>
<SP HEIGHT="20" WIDTH="40" VPOS="645" HPOS="1319"/>
<String CONTENT="See" HEIGHT="21" WIDTH="49" VPOS="645" HPOS="1360"/>
<SP HEIGHT="19" WIDTH="17" VPOS="646" HPOS="1410"/>
<String CONTENT="JUNKINS," HEIGHT="26" WIDTH="133" VPOS="646" HPOS="1428"/>
</TextLine>
<TextLine HEIGHT="22" WIDTH="113" VPOS="668" HPOS="947">
<String CONTENT="DONALD." HEIGHT="22" WIDTH="113" VPOS="668" HPOS="947"/>
</TextLine>
<TextLine HEIGHT="26" WIDTH="559" VPOS="702" HPOS="908" CS="1">
<String CONTENT="A" HEIGHT="21" WIDTH="14" VPOS="702" HPOS="908"/>
<SP HEIGHT="21" WIDTH="19" VPOS="702" HPOS="923"/>
<String CONTENT="drunk" HEIGHT="22" WIDTH="83" VPOS="702" HPOS="943"/>
<SP HEIGHT="21" WIDTH="16" VPOS="703" HPOS="1027"/>
<String CONTENT="man" HEIGHT="15" WIDTH="51" VPOS="709" HPOS="1044"/>
<SP HEIGHT="20" WIDTH="20" VPOS="705" HPOS="1096"/>
<String CONTENT="looks" HEIGHT="21" WIDTH="79" VPOS="705" HPOS="1117"/>
<SP HEIGHT="15" WIDTH="19" VPOS="711" HPOS="1197"/>
<String CONTENT="at" HEIGHT="19" WIDTH="31" VPOS="707" HPOS="1217"/>
<SP HEIGHT="21" WIDTH="19" VPOS="706" HPOS="1249"/>
<String CONTENT="the" HEIGHT="19" WIDTH="48" VPOS="707" HPOS="1269"/>
<SP HEIGHT="19" WIDTH="19" VPOS="707" HPOS="1318"/>
<String CONTENT="thistle." HEIGHT="22" WIDTH="129" VPOS="706" HPOS="1338"/>
</TextLine>
<TextLine HEIGHT="31" WIDTH="526" VPOS="733" HPOS="942">
<String CONTENT="See" HEIGHT="21" WIDTH="50" VPOS="733" HPOS="942"/>
<SP HEIGHT="19" WIDTH="19" VPOS="735" HPOS="992"/>
<String CONTENT="GRIEVE," HEIGHT="27" WIDTH="115" VPOS="735" HPOS="1011"/>
<SP HEIGHT="26" WIDTH="24" VPOS="736" HPOS="1126"/>
<String CONTENT="CHRISTOPHER" HEIGHT="21" WIDTH="186" VPOS="736" HPOS="1150"/>
<SP HEIGHT="20" WIDTH="16" VPOS="737" HPOS="1336"/>
<String CONTENT="MURRAY." HEIGHT="22" WIDTH="116" VPOS="736" HPOS="1352"/>
</TextLine>
<TextLine HEIGHT="35" WIDTH="547" VPOS="764" HPOS="910">
<String CONTENT="Experience" HEIGHT="27" WIDTH="169" VPOS="764" HPOS="910"/>
<SP HEIGHT="19" WIDTH="17" VPOS="770" HPOS="1080"/>
<String CONTENT="&amp;" HEIGHT="19" WIDTH="16" VPOS="770" HPOS="1098"/>
<SP HEIGHT="20" WIDTH="17" VPOS="770" HPOS="1115"/>
<String CONTENT="theory." HEIGHT="26" WIDTH="112" VPOS="771" HPOS="1133"/>
<SP HEIGHT="21" WIDTH="41" VPOS="773" HPOS="1246"/>
<String CONTENT="See" HEIGHT="20" WIDTH="48" VPOS="774" HPOS="1288"/>
<SP HEIGHT="19" WIDTH="17" VPOS="776" HPOS="1337"/>
<String CONTENT="FOSTER" HEIGHT="22" WIDTH="102" VPOS="775" HPOS="1355"/>
</TextLine>
<TextLine HEIGHT="23" WIDTH="146" VPOS="796" HPOS="945">
<String CONTENT="LAWRENCE." HEIGHT="23" WIDTH="146" VPOS="796" HPOS="945"/>
</TextLine>
<TextLine HEIGHT="29" WIDTH="612" VPOS="826" HPOS="901">
<String CONTENT="The" HEIGHT="19" WIDTH="49" VPOS="826" HPOS="901"/>
<SP HEIGHT="20" WIDTH="19" VPOS="831" HPOS="951"/>
<String CONTENT="growing" HEIGHT="26" WIDTH="116" VPOS="826" HPOS="971"/>
<SP HEIGHT="23" WIDTH="19" VPOS="829" HPOS="1088"/>
<String CONTENT="tree." HEIGHT="20" WIDTH="78" VPOS="829" HPOS="1108"/>
<SP HEIGHT="20" WIDTH="39" VPOS="829" HPOS="1187"/>
<String CONTENT="See" HEIGHT="20" WIDTH="48" VPOS="829" HPOS="1227"/>
<SP HEIGHT="18" WIDTH="17" VPOS="830" HPOS="1276"/>
<String CONTENT="WILSON," HEIGHT="25" WIDTH="116" VPOS="830" HPOS="1294"/>
<SP HEIGHT="24" WIDTH="22" VPOS="831" HPOS="1411"/>
<String CONTENT="B." HEIGHT="20" WIDTH="27" VPOS="831" HPOS="1434"/>
<SP HEIGHT="19" WIDTH="22" VPOS="832" HPOS="1462"/>
<String CONTENT="F." HEIGHT="20" WIDTH="28" VPOS="832" HPOS="1485"/>
</TextLine>
<TextLine HEIGHT="36" WIDTH="631" VPOS="859" HPOS="910">
<String CONTENT="Horse," HEIGHT="27" WIDTH="99" VPOS="859" HPOS="910"/>
<SP HEIGHT="24" WIDTH="20" VPOS="862" HPOS="1009"/>
<String CONTENT="bird" HEIGHT="19" WIDTH="66" VPOS="862" HPOS="1030"/>
<SP HEIGHT="20" WIDTH="18" VPOS="862" HPOS="1096"/>
<String CONTENT="&amp;" HEIGHT="21" WIDTH="18" VPOS="862" HPOS="1114"/>
<SP HEIGHT="21" WIDTH="17" VPOS="863" HPOS="1132"/>
<String CONTENT="man." HEIGHT="15" WIDTH="64" VPOS="869" HPOS="1149"/>
<SP HEIGHT="20" WIDTH="41" VPOS="865" HPOS="1213"/>
<String CONTENT="See" HEIGHT="19" WIDTH="50" VPOS="866" HPOS="1254"/>
<SP HEIGHT="19" WIDTH="19" VPOS="867" HPOS="1304"/>
<String CONTENT="BENSON," HEIGHT="27" WIDTH="115" VPOS="867" HPOS="1323"/>
<SP HEIGHT="24" WIDTH="21" VPOS="870" HPOS="1438"/>
<String CONTENT="J." HEIGHT="20" WIDTH="30" VPOS="870" HPOS="1459"/>
<SP HEIGHT="20" WIDTH="24" VPOS="870" HPOS="1489"/>
<String CONTENT="L." HEIGHT="20" WIDTH="28" VPOS="871" HPOS="1513"/>
</TextLine>
<TextLine HEIGHT="36" WIDTH="634" VPOS="898" HPOS="905">
<String CONTENT="Military" HEIGHT="28" WIDTH="137" VPOS="898" HPOS="905"/>
<SP HEIGHT="21" WIDTH="17" VPOS="906" HPOS="1043"/>
<String CONTENT="government" HEIGHT="23" WIDTH="166" VPOS="905" HPOS="1061"/>
<SP HEIGHT="26" WIDTH="21" VPOS="904" HPOS="1228"/>
<String CONTENT="journal:" HEIGHT="26" WIDTH="130" VPOS="905" HPOS="1250"/>
<SP HEIGHT="21" WIDTH="20" VPOS="908" HPOS="1381"/>
<String CONTENT="Normandy" HEIGHT="25" WIDTH="137" VPOS="909" HPOS="1402"/>
</TextLine>
<TextLine HEIGHT="35" WIDTH="558" VPOS="928" HPOS="941">
<String CONTENT="to" HEIGHT="20" WIDTH="31" VPOS="928" HPOS="941"/>
<SP HEIGHT="20" WIDTH="17" VPOS="930" HPOS="973"/>
<String CONTENT="Berlin." HEIGHT="20" WIDTH="113" VPOS="931" HPOS="991"/>
<SP HEIGHT="20" WIDTH="40" VPOS="932" HPOS="1105"/>
<String CONTENT="See" HEIGHT="20" WIDTH="47" VPOS="933" HPOS="1146"/>
<SP HEIGHT="19" WIDTH="18" VPOS="935" HPOS="1194"/>
<String CONTENT="MAGINNIS," HEIGHT="28" WIDTH="149" VPOS="934" HPOS="1213"/>
<SP HEIGHT="26" WIDTH="22" VPOS="937" HPOS="1363"/>
<String CONTENT="JOHN" HEIGHT="20" WIDTH="67" VPOS="937" HPOS="1386"/>
<SP HEIGHT="20" WIDTH="17" VPOS="938" HPOS="1454"/>
<String CONTENT="J." HEIGHT="19" WIDTH="27" VPOS="939" HPOS="1472"/>
</TextLine>
<TextLine HEIGHT="32" WIDTH="582" VPOS="962" HPOS="912">
<String CONTENT="Some" HEIGHT="21" WIDTH="66" VPOS="962" HPOS="912"/>
<SP HEIGHT="20" WIDTH="19" VPOS="964" HPOS="979"/>
<String CONTENT="deaths" HEIGHT="21" WIDTH="97" VPOS="965" HPOS="999"/>
<SP HEIGHT="21" WIDTH="21" VPOS="966" HPOS="1097"/>
<String CONTENT="in" HEIGHT="21" WIDTH="31" VPOS="967" HPOS="1119"/>
<SP HEIGHT="20" WIDTH="17" VPOS="968" HPOS="1151"/>
<String CONTENT="the" HEIGHT="21" WIDTH="48" VPOS="968" HPOS="1169"/>
<SP HEIGHT="19" WIDTH="18" VPOS="970" HPOS="1218"/>
<String CONTENT="Delta" HEIGHT="21" WIDTH="85" VPOS="969" HPOS="1237"/>
<SP HEIGHT="15" WIDTH="17" VPOS="976" HPOS="1323"/>
<String CONTENT="and" HEIGHT="21" WIDTH="49" VPOS="972" HPOS="1341"/>
<SP HEIGHT="20" WIDTH="18" VPOS="973" HPOS="1391"/>
<String CONTENT="other" HEIGHT="21" WIDTH="84" VPOS="973" HPOS="1410"/>
</TextLine>
<TextLine HEIGHT="32" WIDTH="475" VPOS="994" HPOS="944">
<String CONTENT="poems." HEIGHT="21" WIDTH="98" VPOS="996" HPOS="944"/>
<SP HEIGHT="20" WIDTH="40" VPOS="995" HPOS="1042"/>
<String CONTENT="See" HEIGHT="21" WIDTH="49" VPOS="995" HPOS="1082"/>
<SP HEIGHT="19" WIDTH="19" VPOS="997" HPOS="1131"/>
<String CONTENT="BROWN," HEIGHT="27" WIDTH="98" VPOS="997" HPOS="1150"/>
<SP HEIGHT="26" WIDTH="22" VPOS="999" HPOS="1248"/>
<String CONTENT="ROSELLEN." HEIGHT="22" WIDTH="149" VPOS="1000" HPOS="1270"/>
</TextLine>
<TextLine HEIGHT="30" WIDTH="593" VPOS="1029" HPOS="909">
<String CONTENT="The" HEIGHT="20" WIDTH="49" VPOS="1029" HPOS="909"/>
<SP HEIGHT="16" WIDTH="20" VPOS="1034" HPOS="959"/>
<String CONTENT="symposium" HEIGHT="26" WIDTH="151" VPOS="1031" HPOS="980"/>
<SP HEIGHT="15" WIDTH="16" VPOS="1038" HPOS="1132"/>
<String CONTENT="of" HEIGHT="19" WIDTH="33" VPOS="1034" HPOS="1149"/>
<SP HEIGHT="19" WIDTH="18" VPOS="1034" HPOS="1183"/>
<String CONTENT="Plato." HEIGHT="21" WIDTH="95" VPOS="1034" HPOS="1202"/>
<SP HEIGHT="19" WIDTH="40" VPOS="1036" HPOS="1298"/>
<String CONTENT="See" HEIGHT="20" WIDTH="48" VPOS="1036" HPOS="1339"/>
<SP HEIGHT="19" WIDTH="19" VPOS="1037" HPOS="1388"/>
<String CONTENT="PLATO." HEIGHT="20" WIDTH="94" VPOS="1037" HPOS="1408"/>
</TextLine>
<TextLine HEIGHT="32" WIDTH="576" VPOS="1074" HPOS="876" CS="1">
<String CONTENT="UNIVERSITY" HEIGHT="22" WIDTH="170" VPOS="1075" HPOS="876"/>
<SP HEIGHT="21" WIDTH="17" VPOS="1077" HPOS="1047"/>
<String CONTENT="OF" HEIGHT="21" WIDTH="32" VPOS="1077" HPOS="1065"/>
<SP HEIGHT="20" WIDTH="16" VPOS="1078" HPOS="1098"/>
<String CONTENT="MIAMI," HEIGHT="28" WIDTH="96" VPOS="1076" HPOS="1115"/>
<SP HEIGHT="25" WIDTH="22" VPOS="1079" HPOS="1212"/>
<String CONTENT="CORAL" HEIGHT="24" WIDTH="85" VPOS="1076" HPOS="1235"/>
<SP HEIGHT="21" WIDTH="15" VPOS="1079" HPOS="1321"/>
<String CONTENT="GABLES," HEIGHT="27" WIDTH="115" VPOS="1079" HPOS="1337"/>
</TextLine>
<TextLine HEIGHT="22" WIDTH="61" VPOS="1105" HPOS="910">
<String CONTENT="FLA." HEIGHT="22" WIDTH="61" VPOS="1105" HPOS="910"/>
</TextLine>
<TextLine HEIGHT="31" WIDTH="596" VPOS="1133" HPOS="908">
<String CONTENT="Aquaculture" HEIGHT="26" WIDTH="187" VPOS="1133" HPOS="908"/>
<SP HEIGHT="15" WIDTH="18" VPOS="1140" HPOS="1095"/>
<String CONTENT="and" HEIGHT="21" WIDTH="51" VPOS="1135" HPOS="1113"/>
<SP HEIGHT="20" WIDTH="18" VPOS="1136" HPOS="1164"/>
<String CONTENT="the" HEIGHT="19" WIDTH="50" VPOS="1137" HPOS="1182"/>
<SP HEIGHT="21" WIDTH="20" VPOS="1136" HPOS="1232"/>
<String CONTENT="law." HEIGHT="21" WIDTH="63" VPOS="1137" HPOS="1252"/>
<SP HEIGHT="20" WIDTH="39" VPOS="1138" HPOS="1315"/>
<String CONTENT="See" HEIGHT="20" WIDTH="50" VPOS="1138" HPOS="1354"/>
<SP HEIGHT="19" WIDTH="20" VPOS="1139" HPOS="1404"/>
<String CONTENT="KANE," HEIGHT="26" WIDTH="80" VPOS="1138" HPOS="1424"/>
</TextLine>
<TextLine HEIGHT="22" WIDTH="148" VPOS="1163" HPOS="942">
<String CONTENT="THOMAS" HEIGHT="21" WIDTH="101" VPOS="1163" HPOS="942"/>
<SP HEIGHT="19" WIDTH="17" VPOS="1165" HPOS="1044"/>
<String CONTENT="E." HEIGHT="20" WIDTH="28" VPOS="1165" HPOS="1062"/>
</TextLine>
<TextLine HEIGHT="89" WIDTH="583" VPOS="1193" HPOS="908" CS="1">
<String CONTENT="Contiguous" HEIGHT="26" WIDTH="167" VPOS="1193" HPOS="909"/>
<SP HEIGHT="15" WIDTH="20" VPOS="1200" HPOS="1077"/>
<String CONTENT="zones" HEIGHT="17" WIDTH="81" VPOS="1200" HPOS="1098"/>
<SP HEIGHT="20" WIDTH="20" VPOS="1196" HPOS="1180"/>
<String CONTENT="for" HEIGHT="21" WIDTH="48" VPOS="1196" HPOS="1201"/>
<SP HEIGHT="19" WIDTH="17" VPOS="1202" HPOS="1250"/>
<String CONTENT="pollution" HEIGHT="25" WIDTH="153" VPOS="1197" HPOS="1268"/>
<SP HEIGHT="15" WIDTH="18" VPOS="1203" HPOS="1422"/>
<String CONTENT="control:" HEIGHT="49" WIDTH="548" VPOS="1199" HPOS="943"/>
<SP HEIGHT="15" WIDTH="22" VPOS="1230" HPOS="1022"/>
<String CONTENT="an" HEIGHT="15" WIDTH="33" VPOS="1230" HPOS="1045"/>
<SP HEIGHT="14" WIDTH="17" VPOS="1231" HPOS="1079"/>
<String CONTENT="appraisal" HEIGHT="25" WIDTH="150" VPOS="1226" HPOS="1097"/>
<SP HEIGHT="21" WIDTH="19" VPOS="1227" HPOS="1248"/>
<String CONTENT="under" HEIGHT="20" WIDTH="84" VPOS="1227" HPOS="1268"/>
<SP HEIGHT="19" WIDTH="19" VPOS="1228" HPOS="1353"/>
<String CONTENT="international" HEIGHT="51" WIDTH="545" VPOS="1225" HPOS="945"/>
<SP HEIGHT="20" WIDTH="19" VPOS="1254" HPOS="1042"/>
<String CONTENT="law." HEIGHT="20" WIDTH="63" VPOS="1255" HPOS="1062"/>
<SP HEIGHT="20" WIDTH="38" VPOS="1255" HPOS="1126"/>
<String CONTENT="See" HEIGHT="20" WIDTH="48" VPOS="1255" HPOS="1165"/>
<SP HEIGHT="20" WIDTH="18" VPOS="1255" HPOS="1214"/>
<String CONTENT="WULF," HEIGHT="26" WIDTH="82" VPOS="1255" HPOS="1232"/>
<SP HEIGHT="24" WIDTH="21" VPOS="1257" HPOS="1314"/>
<String CONTENT="NORMAN." HEIGHT="22" WIDTH="116" VPOS="1256" HPOS="1335"/>
</TextLine>
<TextLine HEIGHT="65" WIDTH="631" VPOS="1285" HPOS="905" CS="1">
<String CONTENT="Legal" HEIGHT="25" WIDTH="83" VPOS="1285" HPOS="905"/>
<SP HEIGHT="25" WIDTH="17" VPOS="1286" HPOS="989"/>
<String CONTENT="problems" HEIGHT="25" WIDTH="134" VPOS="1287" HPOS="1007"/>
<SP HEIGHT="14" WIDTH="19" VPOS="1294" HPOS="1142"/>
<String CONTENT="regarding" HEIGHT="26" WIDTH="151" VPOS="1290" HPOS="1162"/>
<SP HEIGHT="23" WIDTH="19" VPOS="1293" HPOS="1314"/>
<String CONTENT="the" HEIGHT="20" WIDTH="47" VPOS="1293" HPOS="1334"/>
<SP HEIGHT="15" WIDTH="20" VPOS="1298" HPOS="1382"/>
<String CONTENT="extraction" HEIGHT="48" WIDTH="560" VPOS="1290" HPOS="940"/>
<SP HEIGHT="16" WIDTH="16" VPOS="1320" HPOS="1007"/>
<String CONTENT="of" HEIGHT="20" WIDTH="32" VPOS="1316" HPOS="1024"/>
<SP HEIGHT="20" WIDTH="15" VPOS="1316" HPOS="1057"/>
<String CONTENT="minerals" HEIGHT="21" WIDTH="135" VPOS="1317" HPOS="1073"/>
<SP HEIGHT="30" WIDTH="24" VPOS="1317" HPOS="1209"/>
<String CONTENT="(including" HEIGHT="32" WIDTH="165" VPOS="1317" HPOS="1234"/>
<SP HEIGHT="21" WIDTH="18" VPOS="1327" HPOS="1400"/>
<String CONTENT="oil" HEIGHT="20" WIDTH="46" VPOS="1323" HPOS="1419"/>
<SP HEIGHT="20" WIDTH="20" VPOS="1323" HPOS="1466"/>
<String CONTENT="and" HEIGHT="21" WIDTH="49" VPOS="1324" HPOS="1487"/>
</TextLine>
<TextLine HEIGHT="34" WIDTH="541" VPOS="1340" HPOS="938" CS="1">
<String CONTENT="gas)" HEIGHT="31" WIDTH="63" VPOS="1340" HPOS="938"/>
<SP HEIGHT="30" WIDTH="21" VPOS="1341" HPOS="1002"/>
<String CONTENT="from" HEIGHT="20" WIDTH="67" VPOS="1345" HPOS="1024"/>
<SP HEIGHT="20" WIDTH="17" VPOS="1345" HPOS="1092"/>
<String CONTENT="the" HEIGHT="21" WIDTH="47" VPOS="1345" HPOS="1110"/>
<SP HEIGHT="15" WIDTH="19" VPOS="1352" HPOS="1158"/>
<String CONTENT="continental" HEIGHT="22" WIDTH="185" VPOS="1348" HPOS="1178"/>
<SP HEIGHT="20" WIDTH="20" VPOS="1351" HPOS="1364"/>
<String CONTENT="shelf." HEIGHT="20" WIDTH="94" VPOS="1352" HPOS="1385"/>
</TextLine>
<TextLine HEIGHT="31" WIDTH="405" VPOS="1372" HPOS="937">
<String CONTENT="See" HEIGHT="21" WIDTH="49" VPOS="1372" HPOS="937"/>
<SP HEIGHT="20" WIDTH="17" VPOS="1374" HPOS="987"/>
<String CONTENT="MCNICHOLS," HEIGHT="28" WIDTH="166" VPOS="1374" HPOS="1005"/>
<SP HEIGHT="24" WIDTH="20" VPOS="1378" HPOS="1172"/>
<String CONTENT="WALTER" HEIGHT="21" WIDTH="104" VPOS="1378" HPOS="1193"/>
<SP HEIGHT="20" WIDTH="16" VPOS="1379" HPOS="1298"/>
<String CONTENT="J." HEIGHT="20" WIDTH="27" VPOS="1380" HPOS="1315"/>
</TextLine>
<TextLine HEIGHT="35" WIDTH="650" VPOS="1441" HPOS="869">
<String CONTENT="UNIVERSITY" HEIGHT="22" WIDTH="169" VPOS="1441" HPOS="869"/>
<SP HEIGHT="19" WIDTH="20" VPOS="1444" HPOS="1039"/>
<String CONTENT="OF" HEIGHT="19" WIDTH="32" VPOS="1444" HPOS="1060"/>
<SP HEIGHT="20" WIDTH="16" VPOS="1444" HPOS="1093"/>
<String CONTENT="MIAMI," HEIGHT="28" WIDTH="96" VPOS="1444" HPOS="1110"/>
<SP HEIGHT="25" WIDTH="23" VPOS="1447" HPOS="1207"/>
<String CONTENT="CORAL" HEIGHT="22" WIDTH="85" VPOS="1446" HPOS="1231"/>
<SP HEIGHT="19" WIDTH="15" VPOS="1449" HPOS="1317"/>
<String CONTENT="GABLES," HEIGHT="26" WIDTH="114" VPOS="1449" HPOS="1333"/>
<SP HEIGHT="23" WIDTH="22" VPOS="1452" HPOS="1448"/>
<String CONTENT="FLA" HEIGHT="21" WIDTH="48" VPOS="1452" HPOS="1471"/>
</TextLine>
<TextLine HEIGHT="25" WIDTH="181" VPOS="1469" HPOS="904">
<String CONTENT="LAW" HEIGHT="21" WIDTH="50" VPOS="1469" HPOS="904"/>
<SP HEIGHT="19" WIDTH="17" VPOS="1471" HPOS="955"/>
<String CONTENT="CENTER." HEIGHT="23" WIDTH="112" VPOS="1471" HPOS="973"/>
</TextLine>
<TextLine HEIGHT="33" WIDTH="598" VPOS="1495" HPOS="904">
<String CONTENT="The" HEIGHT="20" WIDTH="47" VPOS="1495" HPOS="904"/>
<SP HEIGHT="20" WIDTH="18" VPOS="1496" HPOS="952"/>
<String CONTENT="Institute" HEIGHT="22" WIDTH="151" VPOS="1496" HPOS="971"/>
<SP HEIGHT="15" WIDTH="20" VPOS="1503" HPOS="1123"/>
<String CONTENT="on" HEIGHT="14" WIDTH="31" VPOS="1504" HPOS="1144"/>
<SP HEIGHT="19" WIDTH="16" VPOS="1501" HPOS="1176"/>
<String CONTENT="Estate" HEIGHT="21" WIDTH="101" VPOS="1500" HPOS="1193"/>
<SP HEIGHT="19" WIDTH="19" VPOS="1503" HPOS="1295"/>
<String CONTENT="Planning" HEIGHT="26" WIDTH="135" VPOS="1502" HPOS="1315"/>
<SP HEIGHT="19" WIDTH="19" VPOS="1509" HPOS="1451"/>
<String CONTENT="of" HEIGHT="19" WIDTH="31" VPOS="1505" HPOS="1471"/>
</TextLine>
<TextLine HEIGHT="31" WIDTH="594" VPOS="1524" HPOS="938">
<String CONTENT="the" HEIGHT="21" WIDTH="48" VPOS="1524" HPOS="938"/>
<SP HEIGHT="19" WIDTH="19" VPOS="1527" HPOS="986"/>
<String CONTENT="University" HEIGHT="26" WIDTH="168" VPOS="1526" HPOS="1005"/>
<SP HEIGHT="19" WIDTH="21" VPOS="1533" HPOS="1173"/>
<String CONTENT="of" HEIGHT="19" WIDTH="32" VPOS="1529" HPOS="1194"/>
<SP HEIGHT="20" WIDTH="18" VPOS="1529" HPOS="1226"/>
<String CONTENT="Miami" HEIGHT="21" WIDTH="85" VPOS="1529" HPOS="1244"/>
<SP HEIGHT="21" WIDTH="19" VPOS="1531" HPOS="1329"/>
<String CONTENT="Law" HEIGHT="20" WIDTH="50" VPOS="1533" HPOS="1348"/>
<SP HEIGHT="19" WIDTH="20" VPOS="1534" HPOS="1398"/>
<String CONTENT="Center." HEIGHT="21" WIDTH="114" VPOS="1534" HPOS="1418"/>
</TextLine>
<TextLine HEIGHT="30" WIDTH="546" VPOS="1554" HPOS="937">
<String CONTENT="See" HEIGHT="20" WIDTH="47" VPOS="1554" HPOS="937"/>
<SP HEIGHT="19" WIDTH="20" VPOS="1556" HPOS="985"/>
<String CONTENT="INSTITUTE" HEIGHT="22" WIDTH="151" VPOS="1556" HPOS="1006"/>
<SP HEIGHT="20" WIDTH="18" VPOS="1558" HPOS="1158"/>
<String CONTENT="ON" HEIGHT="19" WIDTH="32" VPOS="1559" HPOS="1177"/>
<SP HEIGHT="19" WIDTH="16" VPOS="1559" HPOS="1210"/>
<String CONTENT="ESTATE" HEIGHT="21" WIDTH="102" VPOS="1559" HPOS="1227"/>
<SP HEIGHT="20" WIDTH="18" VPOS="1561" HPOS="1330"/>
<String CONTENT="PLANNING" HEIGHT="22" WIDTH="134" VPOS="1562" HPOS="1349"/>
</TextLine>
<TextLine HEIGHT="36" WIDTH="488" VPOS="1580" HPOS="938">
<String CONTENT="ATH," HEIGHT="30" WIDTH="60" VPOS="1580" HPOS="938"/>
<SP HEIGHT="25" WIDTH="20" VPOS="1585" HPOS="999"/>
<String CONTENT="MIAMI" HEIGHT="21" WIDTH="83" VPOS="1585" HPOS="1020"/>
<SP HEIGHT="21" WIDTH="19" VPOS="1586" HPOS="1104"/>
<String CONTENT="BEACH," HEIGHT="27" WIDTH="96" VPOS="1587" HPOS="1124"/>
<SP HEIGHT="26" WIDTH="23" VPOS="1588" HPOS="1221"/>
<String CONTENT="FLA.," HEIGHT="27" WIDTH="78" VPOS="1588" HPOS="1245"/>
<SP HEIGHT="25" WIDTH="24" VPOS="1590" HPOS="1324"/>
<String CONTENT="1970." HEIGHT="25" WIDTH="77" VPOS="1590" HPOS="1349"/>
</TextLine>
<TextLine HEIGHT="28" WIDTH="601" VPOS="1623" HPOS="897">
<String CONTENT="The" HEIGHT="21" WIDTH="49" VPOS="1624" HPOS="897"/>
<SP HEIGHT="21" WIDTH="19" VPOS="1624" HPOS="947"/>
<String CONTENT="Institute" HEIGHT="23" WIDTH="151" VPOS="1624" HPOS="967"/>
<SP HEIGHT="16" WIDTH="20" VPOS="1630" HPOS="1119"/>
<String CONTENT="on" HEIGHT="15" WIDTH="30" VPOS="1630" HPOS="1140"/>
<SP HEIGHT="20" WIDTH="17" VPOS="1626" HPOS="1171"/>
<String CONTENT="Estate" HEIGHT="21" WIDTH="100" VPOS="1626" HPOS="1189"/>
<SP HEIGHT="20" WIDTH="19" VPOS="1627" HPOS="1290"/>
<String CONTENT="Planning" HEIGHT="25" WIDTH="136" VPOS="1626" HPOS="1310"/>
<SP HEIGHT="19" WIDTH="18" VPOS="1632" HPOS="1447"/>
<String CONTENT="of" HEIGHT="19" WIDTH="32" VPOS="1627" HPOS="1466"/>
</TextLine>
<TextLine HEIGHT="30" WIDTH="595" VPOS="1652" HPOS="932">
<String CONTENT="The" HEIGHT="20" WIDTH="50" VPOS="1654" HPOS="932"/>
<SP HEIGHT="21" WIDTH="18" VPOS="1654" HPOS="982"/>
<String CONTENT="University" HEIGHT="26" WIDTH="170" VPOS="1653" HPOS="1000"/>
<SP HEIGHT="19" WIDTH="20" VPOS="1660" HPOS="1170"/>
<String CONTENT="of" HEIGHT="19" WIDTH="31" VPOS="1655" HPOS="1190"/>
<SP HEIGHT="21" WIDTH="19" VPOS="1655" HPOS="1221"/>
<String CONTENT="Miami" HEIGHT="23" WIDTH="84" VPOS="1654" HPOS="1240"/>
<SP HEIGHT="21" WIDTH="19" VPOS="1655" HPOS="1324"/>
<String CONTENT="Law" HEIGHT="20" WIDTH="50" VPOS="1657" HPOS="1343"/>
<SP HEIGHT="20" WIDTH="20" VPOS="1657" HPOS="1393"/>
<String CONTENT="Center." HEIGHT="21" WIDTH="114" VPOS="1657" HPOS="1413"/>
</TextLine>
<TextLine HEIGHT="32" WIDTH="561" VPOS="1681" HPOS="932">
<String CONTENT="See" HEIGHT="20" WIDTH="48" VPOS="1683" HPOS="932"/>
<SP HEIGHT="20" WIDTH="19" VPOS="1683" HPOS="981"/>
<String CONTENT="INSTITUTE" HEIGHT="22" WIDTH="152" VPOS="1684" HPOS="1001"/>
<SP HEIGHT="20" WIDTH="18" VPOS="1685" HPOS="1154"/>
<String CONTENT="ON" HEIGHT="20" WIDTH="32" VPOS="1685" HPOS="1173"/>
<SP HEIGHT="20" WIDTH="15" VPOS="1685" HPOS="1206"/>
<String CONTENT="ESTATE" HEIGHT="21" WIDTH="103" VPOS="1684" HPOS="1222"/>
<SP HEIGHT="20" WIDTH="16" VPOS="1686" HPOS="1326"/>
<String CONTENT="PLANNING," HEIGHT="29" WIDTH="150" VPOS="1684" HPOS="1343"/>
</TextLine>
<TextLine HEIGHT="31" WIDTH="479" VPOS="1711" HPOS="931" CS="1">
<String CONTENT="5TH," HEIGHT="27" WIDTH="63" VPOS="1712" HPOS="931"/>
<SP HEIGHT="25" WIDTH="21" VPOS="1714" HPOS="995"/>
<String CONTENT="MIAMI" HEIGHT="20" WIDTH="83" VPOS="1713" HPOS="1017"/>
<SP HEIGHT="21" WIDTH="18" VPOS="1713" HPOS="1101"/>
<String CONTENT="BEACH," HEIGHT="27" WIDTH="96" VPOS="1713" HPOS="1120"/>
<SP HEIGHT="26" WIDTH="24" VPOS="1714" HPOS="1217"/>
<String CONTENT="FLA.," HEIGHT="28" WIDTH="78" VPOS="1713" HPOS="1242"/>
<SP HEIGHT="26" WIDTH="23" VPOS="1715" HPOS="1321"/>
<String CS="1" CONTENT="1971." HEIGHT="25" WIDTH="65" VPOS="1714" HPOS="1345"/>
</TextLine>
<TextLine HEIGHT="31" WIDTH="441" VPOS="1756" HPOS="865">
<String CONTENT="UNIVERSITY" HEIGHT="25" WIDTH="171" VPOS="1756" HPOS="865"/>
<SP HEIGHT="22" WIDTH="17" VPOS="1760" HPOS="1037"/>
<String CONTENT="OF" HEIGHT="21" WIDTH="33" VPOS="1761" HPOS="1055"/>
<SP HEIGHT="22" WIDTH="14" VPOS="1761" HPOS="1089"/>
<String CONTENT="MIAMI" HEIGHT="23" WIDTH="84" VPOS="1761" HPOS="1104"/>
<SP HEIGHT="21" WIDTH="19" VPOS="1763" HPOS="1189"/>
<String CONTENT="PRESS." HEIGHT="24" WIDTH="97" VPOS="1763" HPOS="1209"/>
</TextLine>
<TextLine HEIGHT="32" WIDTH="596" VPOS="1788" HPOS="898" CS="1">
<String CONTENT="The" HEIGHT="19" WIDTH="50" VPOS="1789" HPOS="898"/>
<SP HEIGHT="21" WIDTH="20" VPOS="1788" HPOS="948"/>
<String CONTENT="Council" HEIGHT="23" WIDTH="117" VPOS="1788" HPOS="968"/>
<SP HEIGHT="20" WIDTH="19" VPOS="1792" HPOS="1085"/>
<String CONTENT="of" HEIGHT="21" WIDTH="34" VPOS="1792" HPOS="1104"/>
<SP HEIGHT="20" WIDTH="18" VPOS="1793" HPOS="1138"/>
<String CONTENT="the" HEIGHT="19" WIDTH="50" VPOS="1794" HPOS="1156"/>
<SP HEIGHT="19" WIDTH="18" VPOS="1795" HPOS="1206"/>
<String CONTENT="Santa" HEIGHT="20" WIDTH="85" VPOS="1795" HPOS="1224"/>
<SP HEIGHT="19" WIDTH="19" VPOS="1797" HPOS="1309"/>
<String CONTENT="Hermandad." HEIGHT="23" WIDTH="166" VPOS="1797" HPOS="1328"/>
</TextLine>
<TextLine HEIGHT="31" WIDTH="370" VPOS="1817" HPOS="933">
<String CONTENT="See" HEIGHT="20" WIDTH="48" VPOS="1817" HPOS="933"/>
<SP HEIGHT="20" WIDTH="18" VPOS="1818" HPOS="982"/>
<String CONTENT="LUNENFELD," HEIGHT="28" WIDTH="165" VPOS="1819" HPOS="1001"/>
<SP HEIGHT="24" WIDTH="21" VPOS="1823" HPOS="1167"/>
<String CONTENT="MARVIN." HEIGHT="21" WIDTH="114" VPOS="1823" HPOS="1189"/>
</TextLine>
<TextLine HEIGHT="31" WIDTH="530" VPOS="1852" HPOS="902" CS="1">
<String CONTENT="The" HEIGHT="19" WIDTH="48" VPOS="1852" HPOS="902"/>
<SP HEIGHT="20" WIDTH="19" VPOS="1852" HPOS="951"/>
<String CONTENT="development" HEIGHT="29" WIDTH="184" VPOS="1852" HPOS="971"/>
<SP HEIGHT="20" WIDTH="19" VPOS="1857" HPOS="1156"/>
<String CONTENT="of" HEIGHT="19" WIDTH="32" VPOS="1858" HPOS="1176"/>
<SP HEIGHT="20" WIDTH="18" VPOS="1858" HPOS="1209"/>
<String CONTENT="education" HEIGHT="24" WIDTH="151" VPOS="1858" HPOS="1228"/>
<SP HEIGHT="20" WIDTH="18" VPOS="1862" HPOS="1380"/>
<String CONTENT="in" HEIGHT="20" WIDTH="33" VPOS="1862" HPOS="1399"/>
</TextLine>
<TextLine HEIGHT="34" WIDTH="597" VPOS="1882" HPOS="934">
<String CONTENT="Ecuador." HEIGHT="21" WIDTH="131" VPOS="1882" HPOS="934"/>
<SP HEIGHT="20" WIDTH="40" VPOS="1884" HPOS="1066"/>
<String CONTENT="See" HEIGHT="21" WIDTH="47" VPOS="1884" HPOS="1107"/>
<SP HEIGHT="19" WIDTH="18" VPOS="1887" HPOS="1155"/>
<String CONTENT="WILSON," HEIGHT="26" WIDTH="116" VPOS="1887" HPOS="1174"/>
<SP HEIGHT="23" WIDTH="20" VPOS="1890" HPOS="1291"/>
<String CONTENT="JACQUES" HEIGHT="25" WIDTH="118" VPOS="1890" HPOS="1312"/>
<SP HEIGHT="20" WIDTH="18" VPOS="1892" HPOS="1431"/>
<String CONTENT="M." HEIGHT="19" WIDTH="27" VPOS="1893" HPOS="1450"/>
<SP HEIGHT="20" WIDTH="25" VPOS="1893" HPOS="1478"/>
<String CONTENT="P." HEIGHT="22" WIDTH="27" VPOS="1893" HPOS="1504"/>
</TextLine>
<TextLine HEIGHT="32" WIDTH="594" VPOS="1918" HPOS="885">
<String CONTENT="Handbook" HEIGHT="21" WIDTH="136" VPOS="1918" HPOS="885"/>
<SP HEIGHT="20" WIDTH="18" VPOS="1919" HPOS="1021"/>
<String CONTENT="of" HEIGHT="19" WIDTH="33" VPOS="1920" HPOS="1039"/>
<SP HEIGHT="20" WIDTH="18" VPOS="1920" HPOS="1072"/>
<String CONTENT="clinical" HEIGHT="22" WIDTH="134" VPOS="1920" HPOS="1090"/>
<SP HEIGHT="20" WIDTH="20" VPOS="1922" HPOS="1224"/>
<String CONTENT="dermatoglyphs." HEIGHT="28" WIDTH="235" VPOS="1922" HPOS="1244"/>
</TextLine>
<TextLine HEIGHT="29" WIDTH="403" VPOS="1949" HPOS="919">
<String CONTENT="See" HEIGHT="19" WIDTH="47" VPOS="1949" HPOS="919"/>
<SP HEIGHT="20" WIDTH="20" VPOS="1949" HPOS="967"/>
<String CONTENT="ELBUALY," HEIGHT="27" WIDTH="131" VPOS="1950" HPOS="988"/>
<SP HEIGHT="24" WIDTH="19" VPOS="1953" HPOS="1120"/>
<String CONTENT="MUSALLAM" HEIGHT="21" WIDTH="137" VPOS="1952" HPOS="1140"/>
<SP HEIGHT="19" WIDTH="17" VPOS="1954" HPOS="1278"/>
<String CONTENT="S." HEIGHT="20" WIDTH="26" VPOS="1954" HPOS="1296"/>
</TextLine>
<TextLine HEIGHT="33" WIDTH="579" VPOS="1987" HPOS="896">
<String CONTENT="A" HEIGHT="19" WIDTH="14" VPOS="1987" HPOS="896"/>
<SP HEIGHT="20" WIDTH="18" VPOS="1987" HPOS="911"/>
<String CONTENT="history" HEIGHT="26" WIDTH="120" VPOS="1987" HPOS="930"/>
<SP HEIGHT="19" WIDTH="17" VPOS="1994" HPOS="1051"/>
<String CONTENT="of" HEIGHT="19" WIDTH="31" VPOS="1990" HPOS="1069"/>
<SP HEIGHT="20" WIDTH="17" VPOS="1990" HPOS="1101"/>
<String CONTENT="Florida." HEIGHT="22" WIDTH="130" VPOS="1991" HPOS="1119"/>
<SP HEIGHT="19" WIDTH="40" VPOS="1993" HPOS="1250"/>
<String CONTENT="See" HEIGHT="20" WIDTH="48" VPOS="1993" HPOS="1291"/>
<SP HEIGHT="19" WIDTH="19" VPOS="1994" HPOS="1340"/>
<String CONTENT="TEBEAU," HEIGHT="26" WIDTH="115" VPOS="1994" HPOS="1360"/>
</TextLine>
<TextLine HEIGHT="22" WIDTH="181" VPOS="2016" HPOS="931">
<String CONTENT="CHARLTON" HEIGHT="21" WIDTH="136" VPOS="2016" HPOS="931"/>
<SP HEIGHT="19" WIDTH="14" VPOS="2018" HPOS="1068"/>
<String CONTENT="W." HEIGHT="19" WIDTH="29" VPOS="2019" HPOS="1083"/>
</TextLine>
<TextLine HEIGHT="29" WIDTH="496" VPOS="2047" HPOS="891">
<String CONTENT="The" HEIGHT="21" WIDTH="50" VPOS="2048" HPOS="891"/>
<SP HEIGHT="19" WIDTH="19" VPOS="2049" HPOS="941"/>
<String CONTENT="human" HEIGHT="20" WIDTH="84" VPOS="2049" HPOS="960"/>
<SP HEIGHT="14" WIDTH="20" VPOS="2055" HPOS="1044"/>
<String CONTENT="right" HEIGHT="24" WIDTH="82" VPOS="2050" HPOS="1064"/>
<SP HEIGHT="19" WIDTH="22" VPOS="2051" HPOS="1146"/>
<String CONTENT="to" HEIGHT="18" WIDTH="30" VPOS="2052" HPOS="1168"/>
<SP HEIGHT="20" WIDTH="19" VPOS="2050" HPOS="1198"/>
<String CONTENT="individual" HEIGHT="23" WIDTH="170" VPOS="2049" HPOS="1217"/>
</TextLine>
<TextLine HEIGHT="32" WIDTH="525" VPOS="2076" HPOS="927">
<String CONTENT="freedom." HEIGHT="20" WIDTH="130" VPOS="2078" HPOS="927"/>
<SP HEIGHT="19" WIDTH="39" VPOS="2079" HPOS="1058"/>
<String CONTENT="See" HEIGHT="20" WIDTH="48" VPOS="2079" HPOS="1098"/>
<SP HEIGHT="20" WIDTH="17" VPOS="2080" HPOS="1147"/>
<String CONTENT="KUTNER," HEIGHT="26" WIDTH="115" VPOS="2079" HPOS="1165"/>
<SP HEIGHT="24" WIDTH="21" VPOS="2081" HPOS="1281"/>
<String CONTENT="LUIS," HEIGHT="29" WIDTH="80" VPOS="2079" HPOS="1303"/>
<SP HEIGHT="22" WIDTH="23" VPOS="2086" HPOS="1384"/>
<String CONTENT="ed." HEIGHT="18" WIDTH="44" VPOS="2082" HPOS="1408"/>
</TextLine>
<TextLine HEIGHT="31" WIDTH="591" VPOS="2114" HPOS="880">
<String CONTENT="Investigations" HEIGHT="25" WIDTH="234" VPOS="2114" HPOS="880"/>
<SP HEIGHT="15" WIDTH="19" VPOS="2121" HPOS="1115"/>
<String CONTENT="on" HEIGHT="15" WIDTH="32" VPOS="2121" HPOS="1135"/>
<SP HEIGHT="19" WIDTH="18" VPOS="2117" HPOS="1168"/>
<String CONTENT="the" HEIGHT="19" WIDTH="47" VPOS="2117" HPOS="1187"/>
<SP HEIGHT="21" WIDTH="19" VPOS="2121" HPOS="1235"/>
<String CONTENT="gray" HEIGHT="20" WIDTH="65" VPOS="2122" HPOS="1255"/>
<SP HEIGHT="19" WIDTH="21" VPOS="2123" HPOS="1321"/>
<String CONTENT="snapper," HEIGHT="22" WIDTH="128" VPOS="2123" HPOS="1343"/>
</TextLine>
<TextLine HEIGHT="30" WIDTH="508" VPOS="2143" HPOS="912" CS="1">
<String CONTENT="Lutjanus" HEIGHT="24" WIDTH="134" VPOS="2143" HPOS="912"/>
<SP HEIGHT="19" WIDTH="19" VPOS="2149" HPOS="1047"/>
<String CONTENT="griseus." HEIGHT="24" WIDTH="128" VPOS="2145" HPOS="1067"/>
<SP HEIGHT="19" WIDTH="42" VPOS="2146" HPOS="1196"/>
<String CONTENT="See" HEIGHT="20" WIDTH="47" VPOS="2146" HPOS="1239"/>
<SP HEIGHT="19" WIDTH="19" VPOS="2147" HPOS="1287"/>
<String CONTENT="STAHCK," HEIGHT="26" WIDTH="113" VPOS="2147" HPOS="1307"/>
</TextLine>
<TextLine HEIGHT="27" WIDTH="233" VPOS="2171" HPOS="911">
<String CONTENT="WALTER" HEIGHT="20" WIDTH="102" VPOS="2171" HPOS="911"/>
<SP HEIGHT="19" WIDTH="17" VPOS="2172" HPOS="1014"/>
<String CONTENT="A.," HEIGHT="25" WIDTH="45" VPOS="2172" HPOS="1031"/>
<SP HEIGHT="24" WIDTH="25" VPOS="2173" HPOS="1076"/>
<String CONTENT="II." HEIGHT="21" WIDTH="42" VPOS="2173" HPOS="1102"/>
</TextLine>
<TextLine HEIGHT="32" WIDTH="596" VPOS="2205" HPOS="890">
<String CONTENT="The" HEIGHT="21" WIDTH="49" VPOS="2205" HPOS="890"/>
<SP HEIGHT="19" WIDTH="19" VPOS="2207" HPOS="940"/>
<String CONTENT="liberating" HEIGHT="28" WIDTH="168" VPOS="2205" HPOS="960"/>
<SP HEIGHT="20" WIDTH="17" VPOS="2213" HPOS="1129"/>
<String CONTENT="gods." HEIGHT="24" WIDTH="79" VPOS="2209" HPOS="1147"/>
<SP HEIGHT="21" WIDTH="40" VPOS="2209" HPOS="1227"/>
<String CONTENT="See" HEIGHT="20" WIDTH="48" VPOS="2210" HPOS="1268"/>
<SP HEIGHT="19" WIDTH="18" VPOS="2211" HPOS="1317"/>
<String CONTENT="ANDERSON," HEIGHT="26" WIDTH="150" VPOS="2211" HPOS="1336"/>
</TextLine>
<TextLine HEIGHT="26" WIDTH="113" VPOS="2233" HPOS="925">
<String CONTENT="JOHN" HEIGHT="22" WIDTH="67" VPOS="2233" HPOS="925"/>
<SP HEIGHT="25" WIDTH="18" VPOS="2234" HPOS="993"/>
<String CONTENT="Q." HEIGHT="25" WIDTH="26" VPOS="2234" HPOS="1012"/>
</TextLine>
<TextLine HEIGHT="30" WIDTH="583" VPOS="2269" HPOS="880">
<String CONTENT="The" HEIGHT="20" WIDTH="49" VPOS="2269" HPOS="880"/>
<SP HEIGHT="19" WIDTH="18" VPOS="2271" HPOS="930"/>
<String CONTENT="National" HEIGHT="22" WIDTH="134" VPOS="2270" HPOS="949"/>
<SP HEIGHT="20" WIDTH="20" VPOS="2272" HPOS="1084"/>
<String CONTENT="Education" HEIGHT="24" WIDTH="151" VPOS="2272" HPOS="1105"/>
<SP HEIGHT="20" WIDTH="18" VPOS="2276" HPOS="1257"/>
<String CONTENT="Association" HEIGHT="23" WIDTH="187" VPOS="2276" HPOS="1276"/>
</TextLine>
<TextLine HEIGHT="35" WIDTH="612" VPOS="2299" HPOS="916">
<String CONTENT="and" HEIGHT="19" WIDTH="46" VPOS="2299" HPOS="917"/>
<SP HEIGHT="21" WIDTH="20" VPOS="2299" HPOS="964"/>
<String CONTENT="the" HEIGHT="20" WIDTH="48" VPOS="2300" HPOS="985"/>
<SP HEIGHT="20" WIDTH="17" VPOS="2301" HPOS="1034"/>
<String CONTENT="black" HEIGHT="22" WIDTH="84" VPOS="2301" HPOS="1052"/>
<SP HEIGHT="20" WIDTH="17" VPOS="2303" HPOS="1137"/>
<String CONTENT="teacher." HEIGHT="23" WIDTH="132" VPOS="2303" HPOS="1155"/>
<SP HEIGHT="19" WIDTH="38" VPOS="2307" HPOS="1288"/>
<String CONTENT="See" HEIGHT="20" WIDTH="49" VPOS="2307" HPOS="1327"/>
<SP HEIGHT="20" WIDTH="18" VPOS="2308" HPOS="1377"/>
<String CONTENT="SCHULTZ," HEIGHT="26" WIDTH="133" VPOS="2308" HPOS="1395"/>
</TextLine>
<TextLine HEIGHT="30" WIDTH="286" VPOS="2328" HPOS="913">
<String CONTENT="MICHAEL" HEIGHT="21" WIDTH="121" VPOS="2328" HPOS="913"/>
<SP HEIGHT="20" WIDTH="15" VPOS="2330" HPOS="1035"/>
<String CONTENT="JOHN," HEIGHT="28" WIDTH="79" VPOS="2330" HPOS="1051"/>
<SP HEIGHT="25" WIDTH="22" VPOS="2333" HPOS="1131"/>
<String CONTENT="JR." HEIGHT="20" WIDTH="45" VPOS="2333" HPOS="1154"/>
</TextLine>
<TextLine HEIGHT="31" WIDTH="579" VPOS="2363" HPOS="889">
<String CONTENT="Of" HEIGHT="20" WIDTH="29" VPOS="2363" HPOS="889"/>
<SP HEIGHT="19" WIDTH="17" VPOS="2364" HPOS="919"/>
<String CONTENT="men" HEIGHT="15" WIDTH="50" VPOS="2369" HPOS="937"/>
<SP HEIGHT="14" WIDTH="18" VPOS="2370" HPOS="988"/>
<String CONTENT="and" HEIGHT="18" WIDTH="46" VPOS="2366" HPOS="1007"/>
<SP HEIGHT="19" WIDTH="18" VPOS="2366" HPOS="1054"/>
<String CONTENT="manners:" HEIGHT="16" WIDTH="133" VPOS="2371" HPOS="1073"/>
<SP HEIGHT="18" WIDTH="21" VPOS="2369" HPOS="1207"/>
<String CONTENT="the" HEIGHT="21" WIDTH="48" VPOS="2367" HPOS="1229"/>
<SP HEIGHT="19" WIDTH="19" VPOS="2369" HPOS="1278"/>
<String CONTENT="Englishman" HEIGHT="25" WIDTH="170" VPOS="2369" HPOS="1298"/>
</TextLine>
<TextLine HEIGHT="32" WIDTH="492" VPOS="2392" HPOS="920">
<String CONTENT="and" HEIGHT="19" WIDTH="48" VPOS="2393" HPOS="920"/>
<SP HEIGHT="21" WIDTH="18" VPOS="2392" HPOS="969"/>
<String CONTENT="his" HEIGHT="20" WIDTH="48" VPOS="2393" HPOS="988"/>
<SP HEIGHT="16" WIDTH="18" VPOS="2398" HPOS="1037"/>
<String CONTENT="world." HEIGHT="21" WIDTH="97" VPOS="2395" HPOS="1056"/>
<SP HEIGHT="19" WIDTH="40" VPOS="2396" HPOS="1154"/>
<String CONTENT="See" HEIGHT="21" WIDTH="48" VPOS="2396" HPOS="1195"/>
<SP HEIGHT="21" WIDTH="18" VPOS="2397" HPOS="1244"/>
<String CONTENT="FELDBERG," HEIGHT="26" WIDTH="149" VPOS="2398" HPOS="1263"/>
</TextLine>
<TextLine HEIGHT="28" WIDTH="267" VPOS="2422" HPOS="920">
<String CONTENT="KATHERINE," HEIGHT="27" WIDTH="165" VPOS="2422" HPOS="920"/>
<SP HEIGHT="21" WIDTH="21" VPOS="2428" HPOS="1086"/>
<String CONTENT="comp." HEIGHT="22" WIDTH="79" VPOS="2428" HPOS="1108"/>
</TextLine>
<TextLine HEIGHT="34" WIDTH="629" VPOS="2456" HPOS="886" CS="1">
<String CONTENT="Oskar" HEIGHT="20" WIDTH="82" VPOS="2457" HPOS="886"/>
<SP HEIGHT="21" WIDTH="18" VPOS="2458" HPOS="968"/>
<String CONTENT="Kokoschka," HEIGHT="26" WIDTH="167" VPOS="2459" HPOS="986"/>
<SP HEIGHT="24" WIDTH="22" VPOS="2461" HPOS="1153"/>
<String CONTENT="drawings," HEIGHT="26" WIDTH="148" VPOS="2461" HPOS="1176"/>
<SP HEIGHT="23" WIDTH="23" VPOS="2464" HPOS="1325"/>
<String CONTENT="1906-1965." HEIGHT="31" WIDTH="166" VPOS="2459" HPOS="1349"/>
</TextLine>
<TextLine HEIGHT="29" WIDTH="354" VPOS="2486" HPOS="920">
<String CONTENT="See" HEIGHT="21" WIDTH="47" VPOS="2486" HPOS="920"/>
<SP HEIGHT="21" WIDTH="18" VPOS="2487" HPOS="968"/>
<String CONTENT="KOKOSCHKA," HEIGHT="26" WIDTH="166" VPOS="2488" HPOS="987"/>
<SP HEIGHT="24" WIDTH="22" VPOS="2490" HPOS="1154"/>
<String CONTENT="OSKAR." HEIGHT="22" WIDTH="97" VPOS="2490" HPOS="1177"/>
</TextLine>
<TextLine HEIGHT="32" WIDTH="581" VPOS="2516" HPOS="884">
<String CONTENT="Toward" HEIGHT="22" WIDTH="99" VPOS="2516" HPOS="884"/>
<SP HEIGHT="19" WIDTH="20" VPOS="2519" HPOS="984"/>
<String CONTENT="a" HEIGHT="15" WIDTH="14" VPOS="2523" HPOS="1005"/>
<SP HEIGHT="19" WIDTH="17" VPOS="2519" HPOS="1020"/>
<String CONTENT="free" HEIGHT="21" WIDTH="66" VPOS="2519" HPOS="1038"/>
<SP HEIGHT="21" WIDTH="17" VPOS="2520" HPOS="1105"/>
<String CONTENT="housing" HEIGHT="25" WIDTH="119" VPOS="2521" HPOS="1123"/>
<SP HEIGHT="20" WIDTH="16" VPOS="2527" HPOS="1243"/>
<String CONTENT="market." HEIGHT="18" WIDTH="115" VPOS="2525" HPOS="1260"/>
<SP HEIGHT="19" WIDTH="41" VPOS="2525" HPOS="1376"/>
<String CONTENT="See" HEIGHT="20" WIDTH="47" VPOS="2525" HPOS="1418"/>
</TextLine>
<TextLine HEIGHT="27" WIDTH="283" VPOS="2545" HPOS="919">
<String CONTENT="BAUM," HEIGHT="26" WIDTH="80" VPOS="2545" HPOS="919"/>
<SP HEIGHT="24" WIDTH="20" VPOS="2547" HPOS="1000"/>
<String CONTENT="DANIEL" HEIGHT="22" WIDTH="102" VPOS="2547" HPOS="1021"/>
<SP HEIGHT="20" WIDTH="16" VPOS="2549" HPOS="1124"/>
<String CONTENT="JAY." HEIGHT="20" WIDTH="61" VPOS="2549" HPOS="1141"/>
</TextLine>
<TextLine HEIGHT="31" WIDTH="531" VPOS="2593" HPOS="854">
<String CONTENT="UNIVERSITY" HEIGHT="24" WIDTH="171" VPOS="2593" HPOS="854"/>
<SP HEIGHT="21" WIDTH="17" VPOS="2596" HPOS="1026"/>
<String CONTENT="OF" HEIGHT="20" WIDTH="32" VPOS="2597" HPOS="1044"/>
<SP HEIGHT="21" WIDTH="15" VPOS="2597" HPOS="1077"/>
<String CONTENT="MIAMI" HEIGHT="23" WIDTH="84" VPOS="2597" HPOS="1093"/>
<SP HEIGHT="20" WIDTH="17" VPOS="2600" HPOS="1178"/>
<String CONTENT="PRESS." HEIGHT="23" WIDTH="98" VPOS="2599" HPOS="1196"/>
<SP HEIGHT="20" WIDTH="41" VPOS="2602" HPOS="1295"/>
<String CONTENT="See" HEIGHT="22" WIDTH="48" VPOS="2602" HPOS="1337"/>
</TextLine>
<TextLine HEIGHT="23" WIDTH="147" VPOS="2624" HPOS="889">
<String CONTENT="THE" HEIGHT="20" WIDTH="50" VPOS="2624" HPOS="889"/>
<SP HEIGHT="20" WIDTH="18" VPOS="2625" HPOS="940"/>
<String CONTENT="GERM." HEIGHT="22" WIDTH="77" VPOS="2625" HPOS="959"/>
</TextLine>
<TextLine HEIGHT="35" WIDTH="575" VPOS="2668" HPOS="854">
<String CONTENT="UNIVERSITY" HEIGHT="24" WIDTH="168" VPOS="2668" HPOS="854"/>
<SP HEIGHT="20" WIDTH="18" VPOS="2672" HPOS="1023"/>
<String CONTENT="OF" HEIGHT="20" WIDTH="32" VPOS="2672" HPOS="1042"/>
<SP HEIGHT="20" WIDTH="15" VPOS="2673" HPOS="1075"/>
<String CONTENT="MICHIGAN," HEIGHT="29" WIDTH="150" VPOS="2672" HPOS="1091"/>
<SP HEIGHT="28" WIDTH="22" VPOS="2674" HPOS="1242"/>
<String CONTENT="ANN" HEIGHT="21" WIDTH="50" VPOS="2675" HPOS="1265"/>
<SP HEIGHT="21" WIDTH="16" VPOS="2676" HPOS="1316"/>
<String CONTENT="ARBOR." HEIGHT="22" WIDTH="96" VPOS="2676" HPOS="1333"/>
</TextLine>
<TextLine HEIGHT="32" WIDTH="565" VPOS="2698" HPOS="886">
<String CONTENT="Alumni" HEIGHT="22" WIDTH="100" VPOS="2699" HPOS="887"/>
<SP HEIGHT="20" WIDTH="18" VPOS="2701" HPOS="988"/>
<String CONTENT="directory," HEIGHT="27" WIDTH="166" VPOS="2701" HPOS="1006"/>
<SP HEIGHT="24" WIDTH="24" VPOS="2704" HPOS="1172"/>
<String CONTENT="1859-1970." HEIGHT="29" WIDTH="165" VPOS="2700" HPOS="1196"/>
<SP HEIGHT="21" WIDTH="41" VPOS="2706" HPOS="1361"/>
<String CONTENT="See" HEIGHT="19" WIDTH="49" VPOS="2707" HPOS="1402"/>
</TextLine>
<TextLine HEIGHT="31" WIDTH="577" VPOS="2729" HPOS="920">
<String CONTENT="UNIVERSITY" HEIGHT="22" WIDTH="171" VPOS="2729" HPOS="920"/>
<SP HEIGHT="19" WIDTH="15" VPOS="2732" HPOS="1092"/>
<String CONTENT="OF" HEIGHT="20" WIDTH="34" VPOS="2732" HPOS="1108"/>
<SP HEIGHT="19" WIDTH="15" VPOS="2733" HPOS="1143"/>
<String CONTENT="MICHIGAN," HEIGHT="26" WIDTH="150" VPOS="2733" HPOS="1159"/>
<SP HEIGHT="23" WIDTH="21" VPOS="2736" HPOS="1310"/>
<String CONTENT="ANN" HEIGHT="21" WIDTH="51" VPOS="2735" HPOS="1332"/>
<SP HEIGHT="19" WIDTH="16" VPOS="2736" HPOS="1384"/>
<String CONTENT="ARBOR." HEIGHT="21" WIDTH="96" VPOS="2736" HPOS="1401"/>
</TextLine>
<TextLine HEIGHT="22" WIDTH="179" VPOS="2758" HPOS="922">
<String CONTENT="LAW" HEIGHT="19" WIDTH="49" VPOS="2758" HPOS="922"/>
<SP HEIGHT="20" WIDTH="17" VPOS="2758" HPOS="972"/>
<String CONTENT="SCHOOL." HEIGHT="21" WIDTH="111" VPOS="2759" HPOS="990"/>
</TextLine>
<TextLine HEIGHT="34" WIDTH="577" VPOS="2789" HPOS="874">
<String CONTENT="The" HEIGHT="21" WIDTH="48" VPOS="2789" HPOS="874"/>
<SP HEIGHT="15" WIDTH="19" VPOS="2795" HPOS="923"/>
<String CONTENT="assault" HEIGHT="20" WIDTH="116" VPOS="2792" HPOS="943"/>
<SP HEIGHT="19" WIDTH="19" VPOS="2793" HPOS="1060"/>
<String CONTENT="on" HEIGHT="15" WIDTH="31" VPOS="2797" HPOS="1080"/>
<SP HEIGHT="20" WIDTH="17" VPOS="2798" HPOS="1112"/>
<String CONTENT="privacy:" HEIGHT="27" WIDTH="131" VPOS="2794" HPOS="1130"/>
<SP HEIGHT="15" WIDTH="23" VPOS="2801" HPOS="1262"/>
<String CONTENT="computers," HEIGHT="26" WIDTH="165" VPOS="2797" HPOS="1286"/>
</TextLine>
<TextLine HEIGHT="29" WIDTH="511" VPOS="2819" HPOS="909">
<String CONTENT="data" HEIGHT="20" WIDTH="64" VPOS="2819" HPOS="909"/>
<SP HEIGHT="20" WIDTH="18" VPOS="2820" HPOS="974"/>
<String CONTENT="banks," HEIGHT="24" WIDTH="97" VPOS="2821" HPOS="993"/>
<SP HEIGHT="18" WIDTH="23" VPOS="2828" HPOS="1091"/>
<String CONTENT="and" HEIGHT="19" WIDTH="47" VPOS="2823" HPOS="1115"/>
<SP HEIGHT="20" WIDTH="18" VPOS="2823" HPOS="1163"/>
<String CONTENT="dossiers." HEIGHT="21" WIDTH="149" VPOS="2823" HPOS="1182"/>
<SP HEIGHT="21" WIDTH="38" VPOS="2825" HPOS="1332"/>
<String CONTENT="See" HEIGHT="22" WIDTH="49" VPOS="2825" HPOS="1371"/>
</TextLine>
<TextLine HEIGHT="28" WIDTH="287" VPOS="2848" HPOS="906">
<String CONTENT="MILLER," HEIGHT="27" WIDTH="117" VPOS="2848" HPOS="906"/>
<SP HEIGHT="25" WIDTH="21" VPOS="2850" HPOS="1023"/>
<String CONTENT="ARTHUR" HEIGHT="21" WIDTH="102" VPOS="2850" HPOS="1044"/>
<SP HEIGHT="20" WIDTH="17" VPOS="2852" HPOS="1146"/>
<String CONTENT="R." HEIGHT="20" WIDTH="30" VPOS="2852" HPOS="1163"/>
</TextLine>
<TextLine HEIGHT="28" WIDTH="631" VPOS="2886" HPOS="876">
<String CONTENT="The" HEIGHT="21" WIDTH="50" VPOS="2888" HPOS="876"/>
<SP HEIGHT="14" WIDTH="20" VPOS="2894" HPOS="927"/>
<String CONTENT="automobile" HEIGHT="23" WIDTH="167" VPOS="2887" HPOS="948"/>
<SP HEIGHT="16" WIDTH="16" VPOS="2893" HPOS="1116"/>
<String CONTENT="worker" HEIGHT="20" WIDTH="104" VPOS="2889" HPOS="1133"/>
<SP HEIGHT="16" WIDTH="18" VPOS="2894" HPOS="1238"/>
<String CONTENT="and" HEIGHT="19" WIDTH="45" VPOS="2890" HPOS="1257"/>
<SP HEIGHT="19" WIDTH="22" VPOS="2890" HPOS="1303"/>
<String CONTENT="retirement:" HEIGHT="23" WIDTH="181" VPOS="2889" HPOS="1326"/>
</TextLine>
<TextLine HEIGHT="29" WIDTH="491" VPOS="2916" HPOS="913" CS="1">
<String CONTENT="a" HEIGHT="15" WIDTH="15" VPOS="2923" HPOS="913"/>
<SP HEIGHT="15" WIDTH="18" VPOS="2923" HPOS="929"/>
<String CONTENT="second" HEIGHT="22" WIDTH="97" VPOS="2917" HPOS="948"/>
<SP HEIGHT="20" WIDTH="21" VPOS="2918" HPOS="1046"/>
<String CONTENT="look." HEIGHT="21" WIDTH="77" VPOS="2918" HPOS="1068"/>
<SP HEIGHT="19" WIDTH="40" VPOS="2919" HPOS="1146"/>
<String CONTENT="See" HEIGHT="20" WIDTH="47" VPOS="2919" HPOS="1187"/>
<SP HEIGHT="20" WIDTH="19" VPOS="2919" HPOS="1235"/>
<String CONTENT="BARFIELD," HEIGHT="26" WIDTH="149" VPOS="2919" HPOS="1255"/>
</TextLine>
<TextLine HEIGHT="22" WIDTH="166" VPOS="2946" HPOS="912">
<String CONTENT="RICHARD" HEIGHT="22" WIDTH="118" VPOS="2946" HPOS="912"/>
<SP HEIGHT="20" WIDTH="17" VPOS="2947" HPOS="1031"/>
<String CONTENT="E." HEIGHT="20" WIDTH="29" VPOS="2948" HPOS="1049"/>
</TextLine>
</TextBlock>
<TextBlock ID="Page1418_Block4" HEIGHT="2807" WIDTH="781" VPOS="254" HPOS="1582" LANG="en-US" CS="1" STYLEREFS="StyleId-4DAE7011-971F-40A2-9C54-A1D8A2755E72-">
<Shape>
<Polygon POINTS="1603,254 1648,254 1648,255 1780,255 1780,256 1911,256 1911,257 2043,257 2043,258 2175,258 2175,259 2306,259 2306,260 2363,260 2363,755 2362,755 2362,887 2361,887 2361,1018 2360,1018 2360,1150 2359,1150 2359,1281 2358,1281 2358,1413 2357,1413 2357,1545 2356,1545 2356,1676 2355,1676 2355,1808 2354,1808 2354,1939 2353,1939 2353,2071 2352,2071 2352,2203 2351,2203 2351,2334 2350,2334 2350,2466 2349,2466 2349,2597 2348,2597 2348,2729 2347,2729 2347,2861 2346,2861 2346,2992 2345,2992 2345,3061 2294,3061 2294,3060 2162,3060 2162,3059 2031,3059 2031,3058 1899,3058 1899,3057 1768,3057 1768,3056 1636,3056 1636,3055 1582,3055 1582,2988 1583,2988 1583,2856 1584,2856 1584,2725 1585,2725 1585,2593 1586,2593 1586,2462 1587,2462 1587,2330 1588,2330 1588,2199 1589,2199 1589,2067 1590,2067 1590,1935 1591,1935 1591,1804 1592,1804 1592,1672 1593,1672 1593,1541 1594,1541 1594,1409 1595,1409 1595,1277 1596,1277 1596,1146 1597,1146 1597,1014 1598,1014 1598,883 1599,883 1599,751 1600,751 1600,619 1601,619 1601,488 1602,488 1602,356 1603,356 1603,254"/>
</Shape>
<TextLine HEIGHT="36" WIDTH="627" VPOS="273" HPOS="1661" CS="1">
<String CONTENT="Blacks," HEIGHT="26" WIDTH="112" VPOS="273" HPOS="1661"/>
<SP HEIGHT="20" WIDTH="21" VPOS="280" HPOS="1774"/>
<String CONTENT="medical" HEIGHT="22" WIDTH="117" VPOS="277" HPOS="1796"/>
<SP HEIGHT="19" WIDTH="21" VPOS="280" HPOS="1914"/>
<String CONTENT="schools," HEIGHT="26" WIDTH="129" VPOS="281" HPOS="1936"/>
<SP HEIGHT="19" WIDTH="22" VPOS="288" HPOS="2066"/>
<String CONTENT="and" HEIGHT="19" WIDTH="48" VPOS="284" HPOS="2089"/>
<SP HEIGHT="20" WIDTH="20" VPOS="284" HPOS="2138"/>
<String CONTENT="society." HEIGHT="24" WIDTH="129" VPOS="285" HPOS="2159"/>
</TextLine>
<TextLine HEIGHT="30" WIDTH="337" VPOS="302" HPOS="1693">
<String CONTENT="See" HEIGHT="20" WIDTH="48" VPOS="302" HPOS="1693"/>
<SP HEIGHT="20" WIDTH="19" VPOS="303" HPOS="1742"/>
<String CONTENT="CURTIS," HEIGHT="28" WIDTH="115" VPOS="303" HPOS="1762"/>
<SP HEIGHT="25" WIDTH="20" VPOS="306" HPOS="1878"/>
<String CONTENT="JAMES" HEIGHT="21" WIDTH="83" VPOS="306" HPOS="1899"/>
<SP HEIGHT="20" WIDTH="18" VPOS="308" HPOS="1983"/>
<String CONTENT="L." HEIGHT="21" WIDTH="28" VPOS="309" HPOS="2002"/>
</TextLine>
<TextLine HEIGHT="36" WIDTH="614" VPOS="337" HPOS="1660">
<String CONTENT="The" HEIGHT="20" WIDTH="48" VPOS="337" HPOS="1661"/>
<SP HEIGHT="19" WIDTH="19" VPOS="339" HPOS="1709"/>
<String CONTENT="boletes" HEIGHT="21" WIDTH="118" VPOS="339" HPOS="1728"/>
<SP HEIGHT="16" WIDTH="21" VPOS="345" HPOS="1846"/>
<String CONTENT="of" HEIGHT="19" WIDTH="32" VPOS="342" HPOS="1867"/>
<SP HEIGHT="20" WIDTH="18" VPOS="342" HPOS="1899"/>
<String CONTENT="Michigan." HEIGHT="27" WIDTH="150" VPOS="343" HPOS="1917"/>
<SP HEIGHT="19" WIDTH="40" VPOS="347" HPOS="2067"/>
<String CONTENT="See" HEIGHT="20" WIDTH="50" VPOS="347" HPOS="2107"/>
<SP HEIGHT="20" WIDTH="20" VPOS="348" HPOS="2157"/>
<String CONTENT="SMITH," HEIGHT="24" WIDTH="97" VPOS="349" HPOS="2177"/>
</TextLine>
<TextLine HEIGHT="24" WIDTH="200" VPOS="367" HPOS="1694">
<String CONTENT="ALEXANDER" HEIGHT="23" WIDTH="155" VPOS="367" HPOS="1694"/>
<SP HEIGHT="20" WIDTH="15" VPOS="371" HPOS="1850"/>
<String CONTENT="H." HEIGHT="20" WIDTH="28" VPOS="371" HPOS="1866"/>
</TextLine>
<TextLine HEIGHT="38" WIDTH="599" VPOS="401" HPOS="1664">
<String CONTENT="Bureau" HEIGHT="22" WIDTH="101" VPOS="401" HPOS="1664"/>
<SP HEIGHT="16" WIDTH="17" VPOS="408" HPOS="1766"/>
<String CONTENT="of" HEIGHT="20" WIDTH="33" VPOS="404" HPOS="1784"/>
<SP HEIGHT="21" WIDTH="16" VPOS="404" HPOS="1818"/>
<String CONTENT="Business" HEIGHT="23" WIDTH="134" VPOS="405" HPOS="1835"/>
<SP HEIGHT="19" WIDTH="18" VPOS="409" HPOS="1970"/>
<String CONTENT="Research" HEIGHT="22" WIDTH="136" VPOS="409" HPOS="1989"/>
<SP HEIGHT="20" WIDTH="17" VPOS="412" HPOS="2126"/>
<String CONTENT="working" HEIGHT="26" WIDTH="119" VPOS="413" HPOS="2144"/>
</TextLine>
<TextLine HEIGHT="27" WIDTH="429" VPOS="432" HPOS="1696">
<String CONTENT="paper." HEIGHT="22" WIDTH="96" VPOS="435" HPOS="1696"/>
<SP HEIGHT="20" WIDTH="41" VPOS="433" HPOS="1793"/>
<String CONTENT="See" HEIGHT="21" WIDTH="48" VPOS="433" HPOS="1835"/>
<SP HEIGHT="19" WIDTH="19" VPOS="435" HPOS="1884"/>
<String CONTENT="UNIVERSITY" HEIGHT="23" WIDTH="170" VPOS="435" HPOS="1904"/>
<SP HEIGHT="20" WIDTH="17" VPOS="439" HPOS="2075"/>
<String CONTENT="OF" HEIGHT="20" WIDTH="32" VPOS="439" HPOS="2093"/>
</TextLine>
<TextLine HEIGHT="31" WIDTH="517" VPOS="459" HPOS="1695">
<String CONTENT="MICHIGAN," HEIGHT="28" WIDTH="150" VPOS="459" HPOS="1695"/>
<SP HEIGHT="24" WIDTH="21" VPOS="463" HPOS="1846"/>
<String CONTENT="ANN" HEIGHT="22" WIDTH="52" VPOS="462" HPOS="1868"/>
<SP HEIGHT="20" WIDTH="15" VPOS="464" HPOS="1921"/>
<String CONTENT="ARBOR." HEIGHT="23" WIDTH="97" VPOS="464" HPOS="1937"/>
<SP HEIGHT="22" WIDTH="39" VPOS="466" HPOS="2035"/>
<String CONTENT="GRADUATE" HEIGHT="23" WIDTH="137" VPOS="467" HPOS="2075"/>
</TextLine>
<TextLine HEIGHT="32" WIDTH="567" VPOS="487" HPOS="1695">
<String CONTENT="SCHOOL" HEIGHT="22" WIDTH="105" VPOS="487" HPOS="1695"/>
<SP HEIGHT="19" WIDTH="15" VPOS="490" HPOS="1800"/>
<String CONTENT="OF" HEIGHT="20" WIDTH="32" VPOS="490" HPOS="1816"/>
<SP HEIGHT="20" WIDTH="17" VPOS="491" HPOS="1849"/>
<String CONTENT="BUSINESS" HEIGHT="22" WIDTH="135" VPOS="491" HPOS="1867"/>
<SP HEIGHT="20" WIDTH="17" VPOS="494" HPOS="2003"/>
<String CONTENT="ADMINISTRATION" HEIGHT="25" WIDTH="241" VPOS="494" HPOS="2021"/>
</TextLine>
<TextLine HEIGHT="31" WIDTH="475" VPOS="517" HPOS="1695">
<String CONTENT="BUREAU" HEIGHT="22" WIDTH="102" VPOS="517" HPOS="1695"/>
<SP HEIGHT="20" WIDTH="17" VPOS="518" HPOS="1798"/>
<String CONTENT="OF" HEIGHT="20" WIDTH="32" VPOS="519" HPOS="1816"/>
<SP HEIGHT="21" WIDTH="17" VPOS="519" HPOS="1849"/>
<String CONTENT="BUSINESS" HEIGHT="22" WIDTH="134" VPOS="520" HPOS="1867"/>
<SP HEIGHT="20" WIDTH="18" VPOS="523" HPOS="2002"/>
<String CONTENT="RESEARCH." HEIGHT="25" WIDTH="149" VPOS="523" HPOS="2021"/>
</TextLine>
<TextLine HEIGHT="38" WIDTH="547" VPOS="550" HPOS="1663">
<String CONTENT="Economic" HEIGHT="23" WIDTH="134" VPOS="550" HPOS="1663"/>
<SP HEIGHT="20" WIDTH="17" VPOS="558" HPOS="1798"/>
<String CONTENT="priorities" HEIGHT="24" WIDTH="170" VPOS="555" HPOS="1816"/>
<SP HEIGHT="26" WIDTH="19" VPOS="553" HPOS="1987"/>
<String CONTENT="in" HEIGHT="26" WIDTH="33" VPOS="553" HPOS="2007"/>
<SP HEIGHT="18" WIDTH="19" VPOS="562" HPOS="2041"/>
<String CONTENT="the" HEIGHT="19" WIDTH="46" VPOS="562" HPOS="2061"/>
<SP HEIGHT="20" WIDTH="20" VPOS="563" HPOS="2108"/>
<String CONTENT="1970s" HEIGHT="25" WIDTH="81" VPOS="563" HPOS="2129"/>
</TextLine>
<TextLine HEIGHT="34" WIDTH="372" VPOS="579" HPOS="1697">
<String CONTENT="See" HEIGHT="21" WIDTH="48" VPOS="579" HPOS="1697"/>
<SP HEIGHT="20" WIDTH="19" VPOS="581" HPOS="1746"/>
<String CONTENT="MCCRACKEN," HEIGHT="31" WIDTH="167" VPOS="581" HPOS="1766"/>
<SP HEIGHT="25" WIDTH="20" VPOS="587" HPOS="1934"/>
<String CONTENT="PAUL" HEIGHT="21" WIDTH="69" VPOS="587" HPOS="1955"/>
<SP HEIGHT="19" WIDTH="13" VPOS="589" HPOS="2025"/>
<String CONTENT="W." HEIGHT="21" WIDTH="30" VPOS="589" HPOS="2039"/>
</TextLine>
<TextLine HEIGHT="28" WIDTH="550" VPOS="616" HPOS="1660">
<String CONTENT="Economics" HEIGHT="22" WIDTH="153" VPOS="616" HPOS="1660"/>
<SP HEIGHT="15" WIDTH="19" VPOS="623" HPOS="1813"/>
<String CONTENT="of" HEIGHT="19" WIDTH="32" VPOS="619" HPOS="1833"/>
<SP HEIGHT="20" WIDTH="20" VPOS="619" HPOS="1865"/>
<String CONTENT="the" HEIGHT="21" WIDTH="49" VPOS="619" HPOS="1885"/>
<SP HEIGHT="20" WIDTH="20" VPOS="620" HPOS="1934"/>
<String CONTENT="household." HEIGHT="23" WIDTH="166" VPOS="620" HPOS="1954"/>
<SP HEIGHT="20" WIDTH="39" VPOS="623" HPOS="2120"/>
<String CONTENT="See" HEIGHT="21" WIDTH="49" VPOS="623" HPOS="2160"/>
</TextLine>
<TextLine HEIGHT="27" WIDTH="270" VPOS="646" HPOS="1693">
<String CONTENT="MORGAN," HEIGHT="26" WIDTH="116" VPOS="646" HPOS="1693"/>
<SP HEIGHT="25" WIDTH="22" VPOS="647" HPOS="1810"/>
<String CONTENT="JAMES" HEIGHT="22" WIDTH="82" VPOS="647" HPOS="1833"/>
<SP HEIGHT="20" WIDTH="18" VPOS="649" HPOS="1916"/>
<String CONTENT="N." HEIGHT="21" WIDTH="28" VPOS="649" HPOS="1935"/>
</TextLine>
<TextLine HEIGHT="61" WIDTH="600" VPOS="678" HPOS="1661" CS="1">
<String CONTENT="Elements" HEIGHT="22" WIDTH="134" VPOS="678" HPOS="1661"/>
<SP HEIGHT="15" WIDTH="19" VPOS="685" HPOS="1796"/>
<String CONTENT="of" HEIGHT="20" WIDTH="33" VPOS="680" HPOS="1816"/>
<SP HEIGHT="21" WIDTH="17" VPOS="680" HPOS="1850"/>
<String CONTENT="outdoor" HEIGHT="21" WIDTH="117" VPOS="681" HPOS="1868"/>
<SP HEIGHT="15" WIDTH="20" VPOS="687" HPOS="1986"/>
<String CONTENT="recreation" HEIGHT="22" WIDTH="168" VPOS="683" HPOS="2007"/>
<SP HEIGHT="20" WIDTH="17" VPOS="690" HPOS="2176"/>
<String CONTENT="planning." HEIGHT="56" WIDTH="567" VPOS="681" HPOS="1694"/>
<SP HEIGHT="21" WIDTH="40" VPOS="708" HPOS="1775"/>
<String CONTENT="See" HEIGHT="20" WIDTH="48" VPOS="709" HPOS="1816"/>
<SP HEIGHT="19" WIDTH="18" VPOS="710" HPOS="1865"/>
<String CONTENT="DRIVER," HEIGHT="28" WIDTH="116" VPOS="709" HPOS="1884"/>
<SP HEIGHT="25" WIDTH="20" VPOS="712" HPOS="2001"/>
<String CONTENT="BEVERLY" HEIGHT="22" WIDTH="119" VPOS="711" HPOS="2022"/>
<SP HEIGHT="20" WIDTH="17" VPOS="713" HPOS="2142"/>
<String CONTENT="L." HEIGHT="20" WIDTH="26" VPOS="714" HPOS="2160"/>
</TextLine>
<TextLine HEIGHT="29" WIDTH="547" VPOS="744" HPOS="1654">
<String CONTENT="English" HEIGHT="25" WIDTH="120" VPOS="744" HPOS="1654"/>
<SP HEIGHT="21" WIDTH="18" VPOS="744" HPOS="1774"/>
<String CONTENT="sentence" HEIGHT="21" WIDTH="134" VPOS="746" HPOS="1792"/>
<SP HEIGHT="15" WIDTH="22" VPOS="752" HPOS="1926"/>
<String CONTENT="structure." HEIGHT="22" WIDTH="166" VPOS="747" HPOS="1948"/>
<SP HEIGHT="20" WIDTH="40" VPOS="750" HPOS="2114"/>
<String CONTENT="See" HEIGHT="21" WIDTH="47" VPOS="750" HPOS="2154"/>
</TextLine>
<TextLine HEIGHT="29" WIDTH="234" VPOS="773" HPOS="1688">
<String CONTENT="KROHN," HEIGHT="28" WIDTH="99" VPOS="773" HPOS="1688"/>
<SP HEIGHT="25" WIDTH="19" VPOS="776" HPOS="1788"/>
<String CONTENT="ROBERT." HEIGHT="21" WIDTH="114" VPOS="776" HPOS="1808"/>
</TextLine>
<TextLine HEIGHT="32" WIDTH="617" VPOS="811" HPOS="1658">
<String CONTENT="Financial" HEIGHT="21" WIDTH="150" VPOS="811" HPOS="1658"/>
<SP HEIGHT="20" WIDTH="20" VPOS="812" HPOS="1809"/>
<String CONTENT="laws" HEIGHT="20" WIDTH="64" VPOS="813" HPOS="1830"/>
<SP HEIGHT="16" WIDTH="19" VPOS="818" HPOS="1895"/>
<String CONTENT="and" HEIGHT="19" WIDTH="47" VPOS="814" HPOS="1915"/>
<SP HEIGHT="20" WIDTH="20" VPOS="814" HPOS="1963"/>
<String CONTENT="their" HEIGHT="21" WIDTH="83" VPOS="815" HPOS="1984"/>
<SP HEIGHT="16" WIDTH="19" VPOS="820" HPOS="2068"/>
<String CONTENT="effect" HEIGHT="21" WIDTH="98" VPOS="817" HPOS="2088"/>
<SP HEIGHT="19" WIDTH="18" VPOS="818" HPOS="2187"/>
<String CONTENT="upon" HEIGHT="20" WIDTH="69" VPOS="823" HPOS="2206"/>
</TextLine>
<TextLine HEIGHT="32" WIDTH="594" VPOS="840" HPOS="1692">
<String CONTENT="the" HEIGHT="20" WIDTH="47" VPOS="840" HPOS="1692"/>
<SP HEIGHT="15" WIDTH="20" VPOS="845" HPOS="1740"/>
<String CONTENT="economic" HEIGHT="21" WIDTH="132" VPOS="841" HPOS="1761"/>
<SP HEIGHT="16" WIDTH="21" VPOS="847" HPOS="1894"/>
<String CONTENT="expansion" HEIGHT="25" WIDTH="153" VPOS="843" HPOS="1916"/>
<SP HEIGHT="16" WIDTH="17" VPOS="849" HPOS="2070"/>
<String CONTENT="of" HEIGHT="19" WIDTH="31" VPOS="846" HPOS="2088"/>
<SP HEIGHT="20" WIDTH="16" VPOS="846" HPOS="2120"/>
<String CONTENT="Michigan." HEIGHT="27" WIDTH="149" VPOS="845" HPOS="2137"/>
</TextLine>
<TextLine HEIGHT="32" WIDTH="532" VPOS="869" HPOS="1691">
<String CONTENT="See" HEIGHT="20" WIDTH="48" VPOS="869" HPOS="1691"/>
<SP HEIGHT="19" WIDTH="20" VPOS="870" HPOS="1739"/>
<String CONTENT="UNIVERSITY" HEIGHT="22" WIDTH="171" VPOS="870" HPOS="1759"/>
<SP HEIGHT="19" WIDTH="20" VPOS="873" HPOS="1930"/>
<String CONTENT="OF" HEIGHT="19" WIDTH="31" VPOS="873" HPOS="1950"/>
<SP HEIGHT="20" WIDTH="18" VPOS="873" HPOS="1981"/>
<String CONTENT="MICHIGAN," HEIGHT="26" WIDTH="152" VPOS="874" HPOS="1999"/>
<SP HEIGHT="26" WIDTH="21" VPOS="875" HPOS="2151"/>
<String CONTENT="ANN" HEIGHT="20" WIDTH="51" VPOS="876" HPOS="2172"/>
</TextLine>
<TextLine HEIGHT="27" WIDTH="602" VPOS="898" HPOS="1688">
<String CONTENT="ARBOR." HEIGHT="22" WIDTH="98" VPOS="898" HPOS="1688"/>
<SP HEIGHT="20" WIDTH="40" VPOS="900" HPOS="1787"/>
<String CONTENT="GRADUATE" HEIGHT="22" WIDTH="135" VPOS="900" HPOS="1828"/>
<SP HEIGHT="19" WIDTH="18" VPOS="902" HPOS="1964"/>
<String CONTENT="SCHOOL" HEIGHT="21" WIDTH="102" VPOS="902" HPOS="1983"/>
<SP HEIGHT="20" WIDTH="17" VPOS="903" HPOS="2086"/>
<String CONTENT="OF" HEIGHT="19" WIDTH="32" VPOS="904" HPOS="2104"/>
<SP HEIGHT="20" WIDTH="18" VPOS="904" HPOS="2137"/>
<String CONTENT="BUSINESS" HEIGHT="21" WIDTH="134" VPOS="904" HPOS="2156"/>
</TextLine>
<TextLine HEIGHT="27" WIDTH="601" VPOS="927" HPOS="1689">
<String CONTENT="ADMINISTRATION." HEIGHT="23" WIDTH="252" VPOS="927" HPOS="1689"/>
<SP HEIGHT="18" WIDTH="39" VPOS="932" HPOS="1942"/>
<String CONTENT="BUREAU" HEIGHT="21" WIDTH="102" VPOS="931" HPOS="1982"/>
<SP HEIGHT="19" WIDTH="18" VPOS="933" HPOS="2085"/>
<String CONTENT="OF" HEIGHT="19" WIDTH="32" VPOS="933" HPOS="2104"/>
<SP HEIGHT="20" WIDTH="18" VPOS="933" HPOS="2137"/>
<String CONTENT="BUSINESS" HEIGHT="22" WIDTH="134" VPOS="932" HPOS="2156"/>
</TextLine>
<TextLine HEIGHT="22" WIDTH="148" VPOS="956" HPOS="1689">
<String CONTENT="RESEARCH." HEIGHT="22" WIDTH="148" VPOS="956" HPOS="1689"/>
</TextLine>
<TextLine HEIGHT="33" WIDTH="584" VPOS="988" HPOS="1662">
<String CONTENT="A" HEIGHT="19" WIDTH="15" VPOS="988" HPOS="1663"/>
<SP HEIGHT="19" WIDTH="16" VPOS="988" HPOS="1679"/>
<String CONTENT="flexible" HEIGHT="22" WIDTH="135" VPOS="988" HPOS="1696"/>
<SP HEIGHT="15" WIDTH="18" VPOS="996" HPOS="1832"/>
<String CONTENT="unit" HEIGHT="21" WIDTH="66" VPOS="992" HPOS="1851"/>
<SP HEIGHT="20" WIDTH="18" VPOS="994" HPOS="1918"/>
<String CONTENT="English" HEIGHT="26" WIDTH="120" VPOS="994" HPOS="1936"/>
<SP HEIGHT="21" WIDTH="19" VPOS="996" HPOS="2056"/>
<String CONTENT="curriculum" HEIGHT="21" WIDTH="171" VPOS="999" HPOS="2075"/>
</TextLine>
<TextLine HEIGHT="64" WIDTH="530" VPOS="1017" HPOS="1692" CS="1">
<String CONTENT="for" HEIGHT="20" WIDTH="50" VPOS="1017" HPOS="1695"/>
<SP HEIGHT="21" WIDTH="16" VPOS="1022" HPOS="1746"/>
<String CONTENT="phase" HEIGHT="26" WIDTH="84" VPOS="1018" HPOS="1763"/>
<SP HEIGHT="19" WIDTH="18" VPOS="1021" HPOS="1848"/>
<String CONTENT="1" HEIGHT="19" WIDTH="14" VPOS="1021" HPOS="1867"/>
<SP HEIGHT="19" WIDTH="21" VPOS="1021" HPOS="1882"/>
<String CONTENT="students." HEIGHT="24" WIDTH="147" VPOS="1021" HPOS="1904"/>
<SP HEIGHT="19" WIDTH="39" VPOS="1027" HPOS="2052"/>
<String CONTENT="See" HEIGHT="20" WIDTH="48" VPOS="1027" HPOS="2092"/>
<SP HEIGHT="20" WIDTH="17" VPOS="1028" HPOS="2141"/>
<String CONTENT="UNIVERSITY" HEIGHT="46" WIDTH="517" VPOS="1025" HPOS="1692"/>
<SP HEIGHT="19" WIDTH="17" VPOS="1049" HPOS="1816"/>
<String CONTENT="OF" HEIGHT="20" WIDTH="32" VPOS="1049" HPOS="1834"/>
<SP HEIGHT="21" WIDTH="15" VPOS="1049" HPOS="1867"/>
<String CONTENT="MICHIGAN," HEIGHT="29" WIDTH="150" VPOS="1050" HPOS="1883"/>
<SP HEIGHT="27" WIDTH="21" VPOS="1053" HPOS="2034"/>
<String CONTENT="ANN" HEIGHT="21" WIDTH="51" VPOS="1054" HPOS="2056"/>
<SP HEIGHT="19" WIDTH="17" VPOS="1056" HPOS="2108"/>
<String CONTENT="ARBOR." HEIGHT="22" WIDTH="96" VPOS="1056" HPOS="2126"/>
</TextLine>
<TextLine HEIGHT="31" WIDTH="443" VPOS="1074" HPOS="1693">
<String CONTENT="BUREAU" HEIGHT="22" WIDTH="102" VPOS="1074" HPOS="1693"/>
<SP HEIGHT="20" WIDTH="19" VPOS="1076" HPOS="1796"/>
<String CONTENT="OF" HEIGHT="19" WIDTH="32" VPOS="1077" HPOS="1816"/>
<SP HEIGHT="20" WIDTH="17" VPOS="1077" HPOS="1849"/>
<String CONTENT="SCHOOL" HEIGHT="21" WIDTH="102" VPOS="1078" HPOS="1867"/>
<SP HEIGHT="20" WIDTH="16" VPOS="1080" HPOS="1970"/>
<String CONTENT="SERVICES." HEIGHT="24" WIDTH="149" VPOS="1081" HPOS="1987"/>
</TextLine>
<TextLine HEIGHT="32" WIDTH="631" VPOS="1107" HPOS="1659">
<String CONTENT="Galileo," HEIGHT="28" WIDTH="129" VPOS="1107" HPOS="1659"/>
<SP HEIGHT="21" WIDTH="23" VPOS="1114" HPOS="1789"/>
<String CONTENT="science" HEIGHT="21" WIDTH="116" VPOS="1111" HPOS="1813"/>
<SP HEIGHT="15" WIDTH="18" VPOS="1117" HPOS="1930"/>
<String CONTENT="and" HEIGHT="19" WIDTH="48" VPOS="1113" HPOS="1949"/>
<SP HEIGHT="20" WIDTH="19" VPOS="1113" HPOS="1998"/>
<String CONTENT="the" HEIGHT="21" WIDTH="50" VPOS="1113" HPOS="2018"/>
<SP HEIGHT="16" WIDTH="18" VPOS="1119" HPOS="2069"/>
<String CONTENT="church." HEIGHT="21" WIDTH="113" VPOS="1116" HPOS="2088"/>
<SP HEIGHT="20" WIDTH="39" VPOS="1119" HPOS="2202"/>
<String CONTENT="See" HEIGHT="20" WIDTH="48" VPOS="1119" HPOS="2242"/>
</TextLine>
<TextLine HEIGHT="29" WIDTH="322" VPOS="1137" HPOS="1690">
<String CONTENT="LANGFORD," HEIGHT="28" WIDTH="150" VPOS="1137" HPOS="1690"/>
<SP HEIGHT="24" WIDTH="23" VPOS="1141" HPOS="1840"/>
<String CONTENT="JEROME" HEIGHT="22" WIDTH="102" VPOS="1140" HPOS="1863"/>
<SP HEIGHT="20" WIDTH="17" VPOS="1143" HPOS="1965"/>
<String CONTENT="J." HEIGHT="20" WIDTH="30" VPOS="1144" HPOS="1982"/>
</TextLine>
<TextLine HEIGHT="64" WIDTH="600" VPOS="1172" HPOS="1642" CS="1">
<String CONTENT="Galileo" HEIGHT="23" WIDTH="118" VPOS="1172" HPOS="1642"/>
<SP HEIGHT="16" WIDTH="19" VPOS="1179" HPOS="1761"/>
<String CONTENT="studies:" HEIGHT="22" WIDTH="130" VPOS="1175" HPOS="1781"/>
<SP HEIGHT="19" WIDTH="20" VPOS="1182" HPOS="1912"/>
<String CONTENT="personality," HEIGHT="27" WIDTH="202" VPOS="1177" HPOS="1933"/>
<SP HEIGHT="24" WIDTH="23" VPOS="1180" HPOS="2136"/>
<String CONTENT="tradition," HEIGHT="56" WIDTH="566" VPOS="1176" HPOS="1676"/>
<SP HEIGHT="21" WIDTH="23" VPOS="1208" HPOS="1756"/>
<String CONTENT="and" HEIGHT="19" WIDTH="47" VPOS="1205" HPOS="1780"/>
<SP HEIGHT="20" WIDTH="21" VPOS="1205" HPOS="1828"/>
<String CONTENT="revolution." HEIGHT="22" WIDTH="181" VPOS="1205" HPOS="1850"/>
<SP HEIGHT="21" WIDTH="39" VPOS="1207" HPOS="2032"/>
<String CONTENT="See" HEIGHT="20" WIDTH="48" VPOS="1208" HPOS="2072"/>
<SP HEIGHT="19" WIDTH="18" VPOS="1209" HPOS="2121"/>
<String CONTENT="DRAKE," HEIGHT="28" WIDTH="99" VPOS="1208" HPOS="2140"/>
</TextLine>
<TextLine HEIGHT="22" WIDTH="148" VPOS="1232" HPOS="1676">
<String CONTENT="STILLMAN." HEIGHT="22" WIDTH="148" VPOS="1232" HPOS="1676"/>
</TextLine>
<TextLine HEIGHT="31" WIDTH="636" VPOS="1262" HPOS="1654">
<String CONTENT="Guide" HEIGHT="21" WIDTH="85" VPOS="1262" HPOS="1654"/>
<SP HEIGHT="19" WIDTH="19" VPOS="1264" HPOS="1739"/>
<String CONTENT="for" HEIGHT="20" WIDTH="51" VPOS="1264" HPOS="1758"/>
<SP HEIGHT="14" WIDTH="15" VPOS="1270" HPOS="1809"/>
<String CONTENT="mental" HEIGHT="22" WIDTH="105" VPOS="1265" HPOS="1824"/>
<SP HEIGHT="21" WIDTH="16" VPOS="1266" HPOS="1929"/>
<String CONTENT="health" HEIGHT="22" WIDTH="104" VPOS="1267" HPOS="1945"/>
<SP HEIGHT="20" WIDTH="17" VPOS="1269" HPOS="2049"/>
<String CONTENT="workers." HEIGHT="22" WIDTH="134" VPOS="1270" HPOS="2066"/>
<SP HEIGHT="19" WIDTH="40" VPOS="1273" HPOS="2200"/>
<String CONTENT="See" HEIGHT="20" WIDTH="50" VPOS="1273" HPOS="2240"/>
</TextLine>
<TextLine HEIGHT="28" WIDTH="322" VPOS="1292" HPOS="1687">
<String CONTENT="FAVAZZA," HEIGHT="27" WIDTH="133" VPOS="1292" HPOS="1687"/>
<SP HEIGHT="24" WIDTH="21" VPOS="1295" HPOS="1821"/>
<String CONTENT="ARMANDO" HEIGHT="22" WIDTH="120" VPOS="1294" HPOS="1843"/>
<SP HEIGHT="20" WIDTH="16" VPOS="1296" HPOS="1964"/>
<String CONTENT="R." HEIGHT="20" WIDTH="28" VPOS="1297" HPOS="1981"/>
</TextLine>
<TextLine HEIGHT="25" WIDTH="548" VPOS="1329" HPOS="1651">
<String CONTENT="Human" HEIGHT="20" WIDTH="84" VPOS="1329" HPOS="1651"/>
<SP HEIGHT="15" WIDTH="18" VPOS="1334" HPOS="1736"/>
<String CONTENT="resource" HEIGHT="16" WIDTH="134" VPOS="1334" HPOS="1755"/>
<SP HEIGHT="21" WIDTH="18" VPOS="1330" HPOS="1890"/>
<String CONTENT="information." HEIGHT="21" WIDTH="200" VPOS="1331" HPOS="1909"/>
<SP HEIGHT="19" WIDTH="40" VPOS="1333" HPOS="2110"/>
<String CONTENT="See" HEIGHT="21" WIDTH="48" VPOS="1333" HPOS="2151"/>
</TextLine>
<TextLine HEIGHT="29" WIDTH="578" VPOS="1358" HPOS="1686">
<String CONTENT="UNIVERSITY" HEIGHT="21" WIDTH="169" VPOS="1359" HPOS="1686"/>
<SP HEIGHT="19" WIDTH="17" VPOS="1360" HPOS="1856"/>
<String CONTENT="OF" HEIGHT="21" WIDTH="33" VPOS="1359" HPOS="1874"/>
<SP HEIGHT="21" WIDTH="15" VPOS="1360" HPOS="1908"/>
<String CONTENT="MICHIGAN," HEIGHT="26" WIDTH="151" VPOS="1360" HPOS="1924"/>
<SP HEIGHT="25" WIDTH="20" VPOS="1361" HPOS="2076"/>
<String CONTENT="ANN" HEIGHT="20" WIDTH="52" VPOS="1361" HPOS="2097"/>
<SP HEIGHT="20" WIDTH="16" VPOS="1361" HPOS="2150"/>
<String CONTENT="ARBOR." HEIGHT="22" WIDTH="97" VPOS="1361" HPOS="2167"/>
</TextLine>
<TextLine HEIGHT="25" WIDTH="509" VPOS="1387" HPOS="1686">
<String CONTENT="INSTITUTE" HEIGHT="21" WIDTH="153" VPOS="1388" HPOS="1686"/>
<SP HEIGHT="19" WIDTH="15" VPOS="1389" HPOS="1840"/>
<String CONTENT="FOR" HEIGHT="21" WIDTH="51" VPOS="1389" HPOS="1856"/>
<SP HEIGHT="19" WIDTH="17" VPOS="1390" HPOS="1908"/>
<String CONTENT="SOCIAL" HEIGHT="20" WIDTH="103" VPOS="1390" HPOS="1926"/>
<SP HEIGHT="22" WIDTH="15" VPOS="1389" HPOS="2030"/>
<String CONTENT="RESEARCH." HEIGHT="22" WIDTH="149" VPOS="1390" HPOS="2046"/>
</TextLine>
<TextLine HEIGHT="26" WIDTH="582" VPOS="1418" HPOS="1651">
<String CONTENT="Indian" HEIGHT="20" WIDTH="99" VPOS="1418" HPOS="1651"/>
<SP HEIGHT="19" WIDTH="20" VPOS="1419" HPOS="1751"/>
<String CONTENT="trade" HEIGHT="20" WIDTH="81" VPOS="1419" HPOS="1772"/>
<SP HEIGHT="14" WIDTH="18" VPOS="1425" HPOS="1854"/>
<String CONTENT="unions:" HEIGHT="21" WIDTH="114" VPOS="1420" HPOS="1873"/>
<SP HEIGHT="15" WIDTH="24" VPOS="1426" HPOS="1988"/>
<String CONTENT="structure" HEIGHT="21" WIDTH="151" VPOS="1422" HPOS="2013"/>
<SP HEIGHT="17" WIDTH="19" VPOS="1427" HPOS="2165"/>
<String CONTENT="and" HEIGHT="20" WIDTH="48" VPOS="1424" HPOS="2185"/>
</TextLine>
<TextLine HEIGHT="30" WIDTH="509" VPOS="1447" HPOS="1685">
<String CONTENT="function." HEIGHT="21" WIDTH="147" VPOS="1447" HPOS="1685"/>
<SP HEIGHT="19" WIDTH="40" VPOS="1449" HPOS="1833"/>
<String CONTENT="See" HEIGHT="21" WIDTH="48" VPOS="1449" HPOS="1874"/>
<SP HEIGHT="19" WIDTH="18" VPOS="1450" HPOS="1923"/>
<String CONTENT="MUNSON," HEIGHT="26" WIDTH="115" VPOS="1450" HPOS="1942"/>
<SP HEIGHT="25" WIDTH="21" VPOS="1451" HPOS="2058"/>
<String CONTENT="FRED" HEIGHT="20" WIDTH="68" VPOS="1451" HPOS="2080"/>
<SP HEIGHT="20" WIDTH="17" VPOS="1451" HPOS="2149"/>
<String CONTENT="C." HEIGHT="23" WIDTH="27" VPOS="1451" HPOS="2167"/>
</TextLine>
<TextLine HEIGHT="29" WIDTH="599" VPOS="1484" HPOS="1652">
<String CONTENT="Individual" HEIGHT="21" WIDTH="169" VPOS="1484" HPOS="1652"/>
<SP HEIGHT="25" WIDTH="17" VPOS="1485" HPOS="1822"/>
<String CONTENT="goals" HEIGHT="26" WIDTH="81" VPOS="1485" HPOS="1840"/>
<SP HEIGHT="14" WIDTH="20" VPOS="1491" HPOS="1922"/>
<String CONTENT="and" HEIGHT="19" WIDTH="49" VPOS="1487" HPOS="1943"/>
<SP HEIGHT="20" WIDTH="19" VPOS="1487" HPOS="1993"/>
<String CONTENT="organizational" HEIGHT="26" WIDTH="238" VPOS="1487" HPOS="2013"/>
</TextLine>
<TextLine HEIGHT="31" WIDTH="582" VPOS="1512" HPOS="1686">
<String CONTENT="objectives:" HEIGHT="26" WIDTH="181" VPOS="1512" HPOS="1686"/>
<SP HEIGHT="15" WIDTH="22" VPOS="1519" HPOS="1868"/>
<String CONTENT="a" HEIGHT="16" WIDTH="16" VPOS="1519" HPOS="1891"/>
<SP HEIGHT="15" WIDTH="18" VPOS="1520" HPOS="1908"/>
<String CONTENT="study" HEIGHT="25" WIDTH="82" VPOS="1515" HPOS="1927"/>
<SP HEIGHT="20" WIDTH="19" VPOS="1520" HPOS="2010"/>
<String CONTENT="of" HEIGHT="21" WIDTH="31" VPOS="1515" HPOS="2030"/>
<SP HEIGHT="20" WIDTH="18" VPOS="1516" HPOS="2062"/>
<String CONTENT="integration" HEIGHT="26" WIDTH="187" VPOS="1517" HPOS="2081"/>
</TextLine>
<TextLine HEIGHT="31" WIDTH="544" VPOS="1541" HPOS="1684">
<String CONTENT="mechanisms." HEIGHT="22" WIDTH="183" VPOS="1541" HPOS="1684"/>
<SP HEIGHT="21" WIDTH="40" VPOS="1543" HPOS="1868"/>
<String CONTENT="See" HEIGHT="20" WIDTH="47" VPOS="1544" HPOS="1909"/>
<SP HEIGHT="19" WIDTH="17" VPOS="1544" HPOS="1957"/>
<String CONTENT="BARRETT," HEIGHT="27" WIDTH="133" VPOS="1544" HPOS="1975"/>
<SP HEIGHT="25" WIDTH="22" VPOS="1546" HPOS="2109"/>
<String CONTENT="JON" HEIGHT="22" WIDTH="51" VPOS="1545" HPOS="2132"/>
<SP HEIGHT="20" WIDTH="15" VPOS="1547" HPOS="2184"/>
<String CONTENT="H." HEIGHT="21" WIDTH="28" VPOS="1547" HPOS="2200"/>
</TextLine>
<TextLine HEIGHT="33" WIDTH="582" VPOS="1573" HPOS="1647">
<String CONTENT="Marketing" HEIGHT="27" WIDTH="153" VPOS="1573" HPOS="1647"/>
<SP HEIGHT="20" WIDTH="16" VPOS="1580" HPOS="1801"/>
<String CONTENT="prescription" HEIGHT="26" WIDTH="205" VPOS="1576" HPOS="1818"/>
<SP HEIGHT="21" WIDTH="19" VPOS="1578" HPOS="2024"/>
<String CONTENT="drugs." HEIGHT="26" WIDTH="95" VPOS="1579" HPOS="2044"/>
<SP HEIGHT="20" WIDTH="40" VPOS="1581" HPOS="2140"/>
<String CONTENT="See" HEIGHT="20" WIDTH="48" VPOS="1582" HPOS="2181"/>
</TextLine>
<TextLine HEIGHT="29" WIDTH="254" VPOS="1602" HPOS="1679">
<String CONTENT="KING," HEIGHT="27" WIDTH="81" VPOS="1602" HPOS="1679"/>
<SP HEIGHT="27" WIDTH="20" VPOS="1603" HPOS="1761"/>
<String CONTENT="DONALD" HEIGHT="20" WIDTH="103" VPOS="1604" HPOS="1782"/>
<SP HEIGHT="19" WIDTH="18" VPOS="1605" HPOS="1886"/>
<String CONTENT="C." HEIGHT="23" WIDTH="28" VPOS="1605" HPOS="1905"/>
</TextLine>
<TextLine HEIGHT="30" WIDTH="671" VPOS="1638" HPOS="1620">
<String CONTENT="Michigan" HEIGHT="26" WIDTH="137" VPOS="1638" HPOS="1620"/>
<SP HEIGHT="20" WIDTH="17" VPOS="1641" HPOS="1758"/>
<String CONTENT="business" HEIGHT="20" WIDTH="133" VPOS="1642" HPOS="1776"/>
<SP HEIGHT="14" WIDTH="20" VPOS="1648" HPOS="1910"/>
<String CONTENT="and" HEIGHT="19" WIDTH="49" VPOS="1643" HPOS="1931"/>
<SP HEIGHT="20" WIDTH="18" VPOS="1643" HPOS="1981"/>
<String CONTENT="economic" HEIGHT="20" WIDTH="135" VPOS="1644" HPOS="2000"/>
<SP HEIGHT="15" WIDTH="18" VPOS="1649" HPOS="2136"/>
<String CONTENT="research" HEIGHT="21" WIDTH="136" VPOS="1645" HPOS="2155"/>
</TextLine>
<TextLine HEIGHT="33" WIDTH="630" VPOS="1666" HPOS="1656">
<String CONTENT="bibliography," HEIGHT="26" WIDTH="217" VPOS="1669" HPOS="1656"/>
<SP HEIGHT="25" WIDTH="23" VPOS="1670" HPOS="1873"/>
<String CONTENT="July" HEIGHT="27" WIDTH="68" VPOS="1670" HPOS="1896"/>
<SP HEIGHT="24" WIDTH="19" VPOS="1673" HPOS="1964"/>
<String CONTENT="1967" HEIGHT="29" WIDTH="64" VPOS="1668" HPOS="1983"/>
<SP HEIGHT="24" WIDTH="20" VPOS="1673" HPOS="2047"/>
<String CONTENT="to" HEIGHT="19" WIDTH="35" VPOS="1674" HPOS="2067"/>
<SP HEIGHT="19" WIDTH="19" VPOS="1674" HPOS="2102"/>
<String CONTENT="June" HEIGHT="21" WIDTH="64" VPOS="1674" HPOS="2121"/>
<SP HEIGHT="19" WIDTH="20" VPOS="1675" HPOS="2186"/>
<String CONTENT="1970." HEIGHT="24" WIDTH="78" VPOS="1675" HPOS="2207"/>
</TextLine>
<TextLine HEIGHT="32" WIDTH="647" VPOS="1698" HPOS="1656">
<String CONTENT="See" HEIGHT="20" WIDTH="47" VPOS="1698" HPOS="1656"/>
<SP HEIGHT="19" WIDTH="18" VPOS="1700" HPOS="1704"/>
<String CONTENT="UNIVERSITY" HEIGHT="21" WIDTH="171" VPOS="1699" HPOS="1723"/>
<SP HEIGHT="21" WIDTH="19" VPOS="1700" HPOS="1895"/>
<String CONTENT="OF" HEIGHT="20" WIDTH="31" VPOS="1701" HPOS="1915"/>
<SP HEIGHT="19" WIDTH="16" VPOS="1702" HPOS="1947"/>
<String CONTENT="MICHIGAN," HEIGHT="26" WIDTH="151" VPOS="1702" HPOS="1964"/>
<SP HEIGHT="24" WIDTH="20" VPOS="1704" HPOS="2116"/>
<String CONTENT="ANN" HEIGHT="21" WIDTH="51" VPOS="1703" HPOS="2137"/>
<SP HEIGHT="20" WIDTH="15" VPOS="1704" HPOS="2189"/>
<String CONTENT="ARBOR." HEIGHT="21" WIDTH="98" VPOS="1705" HPOS="2205"/>
</TextLine>
<TextLine HEIGHT="57" WIDTH="649" VPOS="1727" HPOS="1654" CS="1">
<String CONTENT="GRADUATE" HEIGHT="22" WIDTH="136" VPOS="1727" HPOS="1655"/>
<SP HEIGHT="19" WIDTH="17" VPOS="1729" HPOS="1792"/>
<String CONTENT="SCHOOL" HEIGHT="21" WIDTH="102" VPOS="1729" HPOS="1810"/>
<SP HEIGHT="20" WIDTH="17" VPOS="1730" HPOS="1913"/>
<String CONTENT="OF" HEIGHT="20" WIDTH="32" VPOS="1730" HPOS="1931"/>
<SP HEIGHT="20" WIDTH="16" VPOS="1731" HPOS="1964"/>
<String CONTENT="BUSINESS" HEIGHT="21" WIDTH="135" VPOS="1731" HPOS="1981"/>
<SP HEIGHT="20" WIDTH="18" VPOS="1732" HPOS="2117"/>
<String CONTENT="ADMINISTRATION." HEIGHT="52" WIDTH="600" VPOS="1729" HPOS="1654"/>
<SP HEIGHT="19" WIDTH="40" VPOS="1759" HPOS="1786"/>
<String CONTENT="BUREAU" HEIGHT="21" WIDTH="102" VPOS="1759" HPOS="1827"/>
<SP HEIGHT="19" WIDTH="18" VPOS="1760" HPOS="1930"/>
<String CONTENT="OF" HEIGHT="19" WIDTH="31" VPOS="1760" HPOS="1949"/>
<SP HEIGHT="20" WIDTH="16" VPOS="1760" HPOS="1981"/>
<String CONTENT="BUSINESS" HEIGHT="22" WIDTH="136" VPOS="1759" HPOS="1998"/>
<SP HEIGHT="19" WIDTH="16" VPOS="1762" HPOS="2135"/>
<String CONTENT="RESEARCH." HEIGHT="23" WIDTH="151" VPOS="1761" HPOS="2152"/>
</TextLine>
<TextLine HEIGHT="33" WIDTH="532" VPOS="1790" HPOS="1655">
<String CONTENT="Middle" HEIGHT="22" WIDTH="102" VPOS="1790" HPOS="1655"/>
<SP HEIGHT="22" WIDTH="18" VPOS="1792" HPOS="1757"/>
<String CONTENT="English" HEIGHT="25" WIDTH="120" VPOS="1793" HPOS="1775"/>
<SP HEIGHT="21" WIDTH="19" VPOS="1794" HPOS="1895"/>
<String CONTENT="dictionary." HEIGHT="27" WIDTH="184" VPOS="1795" HPOS="1914"/>
<SP HEIGHT="19" WIDTH="39" VPOS="1800" HPOS="2098"/>
<String CONTENT="See" HEIGHT="20" WIDTH="50" VPOS="1800" HPOS="2137"/>
</TextLine>
<TextLine HEIGHT="29" WIDTH="358" VPOS="1822" HPOS="1687">
<String CONTENT="KUHN," HEIGHT="26" WIDTH="82" VPOS="1822" HPOS="1687"/>
<SP HEIGHT="27" WIDTH="23" VPOS="1822" HPOS="1770"/>
<String CONTENT="SHERMAN" HEIGHT="22" WIDTH="119" VPOS="1823" HPOS="1794"/>
<SP HEIGHT="20" WIDTH="15" VPOS="1825" HPOS="1914"/>
<String CONTENT="M.," HEIGHT="25" WIDTH="46" VPOS="1825" HPOS="1930"/>
<SP HEIGHT="19" WIDTH="23" VPOS="1831" HPOS="1977"/>
<String CONTENT="ed." HEIGHT="20" WIDTH="44" VPOS="1826" HPOS="2001"/>
</TextLine>
<TextLine HEIGHT="33" WIDTH="586" VPOS="1856" HPOS="1635">
<String CONTENT="New" HEIGHT="21" WIDTH="50" VPOS="1856" HPOS="1635"/>
<SP HEIGHT="19" WIDTH="18" VPOS="1858" HPOS="1686"/>
<String CONTENT="imperatives" HEIGHT="26" WIDTH="185" VPOS="1858" HPOS="1705"/>
<SP HEIGHT="20" WIDTH="20" VPOS="1860" HPOS="1891"/>
<String CONTENT="for" HEIGHT="20" WIDTH="51" VPOS="1861" HPOS="1912"/>
<SP HEIGHT="19" WIDTH="16" VPOS="1862" HPOS="1964"/>
<String CONTENT="today's" HEIGHT="25" WIDTH="117" VPOS="1862" HPOS="1981"/>
<SP HEIGHT="20" WIDTH="17" VPOS="1868" HPOS="2099"/>
<String CONTENT="policy" HEIGHT="25" WIDTH="104" VPOS="1864" HPOS="2117"/>
</TextLine>
<TextLine HEIGHT="32" WIDTH="511" VPOS="1887" HPOS="1669">
<String CONTENT="makers." HEIGHT="21" WIDTH="114" VPOS="1887" HPOS="1669"/>
<SP HEIGHT="19" WIDTH="40" VPOS="1889" HPOS="1784"/>
<String CONTENT="See" HEIGHT="20" WIDTH="48" VPOS="1889" HPOS="1825"/>
<SP HEIGHT="19" WIDTH="19" VPOS="1890" HPOS="1874"/>
<String CONTENT="PAIMER," HEIGHT="28" WIDTH="114" VPOS="1889" HPOS="1894"/>
<SP HEIGHT="25" WIDTH="21" VPOS="1892" HPOS="2009"/>
<String CONTENT="H." HEIGHT="21" WIDTH="29" VPOS="1892" HPOS="2031"/>
<SP HEIGHT="19" WIDTH="21" VPOS="1894" HPOS="2061"/>
<String CONTENT="BRUCE." HEIGHT="22" WIDTH="97" VPOS="1893" HPOS="2083"/>
</TextLine>
<TextLine HEIGHT="29" WIDTH="544" VPOS="1921" HPOS="1649" CS="1">
<String CONTENT="The" HEIGHT="20" WIDTH="49" VPOS="1921" HPOS="1649"/>
<SP HEIGHT="16" WIDTH="19" VPOS="1926" HPOS="1698"/>
<String CONTENT="outlook" HEIGHT="21" WIDTH="120" VPOS="1922" HPOS="1717"/>
<SP HEIGHT="19" WIDTH="18" VPOS="1924" HPOS="1837"/>
<String CONTENT="for" HEIGHT="21" WIDTH="51" VPOS="1924" HPOS="1855"/>
<SP HEIGHT="15" WIDTH="18" VPOS="1930" HPOS="1906"/>
<String CONTENT="consumer" HEIGHT="17" WIDTH="137" VPOS="1930" HPOS="1924"/>
<SP HEIGHT="19" WIDTH="19" VPOS="1928" HPOS="2061"/>
<String CONTENT="demand." HEIGHT="22" WIDTH="113" VPOS="1928" HPOS="2080"/>
</TextLine>
<TextLine HEIGHT="34" WIDTH="532" VPOS="1950" HPOS="1684">
<String CONTENT="See" HEIGHT="20" WIDTH="47" VPOS="1950" HPOS="1684"/>
<SP HEIGHT="19" WIDTH="18" VPOS="1952" HPOS="1732"/>
<String CONTENT="UNIVERSITY" HEIGHT="23" WIDTH="172" VPOS="1951" HPOS="1751"/>
<SP HEIGHT="20" WIDTH="16" VPOS="1954" HPOS="1924"/>
<String CONTENT="OF" HEIGHT="19" WIDTH="33" VPOS="1955" HPOS="1941"/>
<SP HEIGHT="19" WIDTH="15" VPOS="1955" HPOS="1975"/>
<String CONTENT="MICHIGAN," HEIGHT="28" WIDTH="149" VPOS="1955" HPOS="1991"/>
<SP HEIGHT="25" WIDTH="22" VPOS="1958" HPOS="2141"/>
<String CONTENT="ANN" HEIGHT="20" WIDTH="52" VPOS="1958" HPOS="2164"/>
</TextLine>
<TextLine HEIGHT="26" WIDTH="481" VPOS="1980" HPOS="1682">
<String CONTENT="ARBOR." HEIGHT="21" WIDTH="97" VPOS="1980" HPOS="1682"/>
<SP HEIGHT="20" WIDTH="40" VPOS="1981" HPOS="1780"/>
<String CONTENT="INSTITUTE" HEIGHT="22" WIDTH="152" VPOS="1981" HPOS="1821"/>
<SP HEIGHT="20" WIDTH="17" VPOS="1983" HPOS="1974"/>
<String CONTENT="FOR" HEIGHT="20" WIDTH="51" VPOS="1984" HPOS="1992"/>
<SP HEIGHT="19" WIDTH="16" VPOS="1985" HPOS="2044"/>
<String CONTENT="SOCIAL" HEIGHT="21" WIDTH="102" VPOS="1985" HPOS="2061"/>
</TextLine>
<TextLine HEIGHT="29" WIDTH="577" VPOS="2008" HPOS="1683">
<String CONTENT="RESEARCH." HEIGHT="21" WIDTH="146" VPOS="2008" HPOS="1683"/>
<SP HEIGHT="19" WIDTH="40" VPOS="2011" HPOS="1830"/>
<String CONTENT="SURVEY" HEIGHT="22" WIDTH="104" VPOS="2010" HPOS="1871"/>
<SP HEIGHT="20" WIDTH="15" VPOS="2012" HPOS="1976"/>
<String CONTENT="RESEARCH" HEIGHT="22" WIDTH="137" VPOS="2012" HPOS="1992"/>
<SP HEIGHT="20" WIDTH="16" VPOS="2015" HPOS="2130"/>
<String CONTENT="CENTER." HEIGHT="22" WIDTH="113" VPOS="2015" HPOS="2147"/>
</TextLine>
<TextLine HEIGHT="30" WIDTH="601" VPOS="2046" HPOS="1644">
<String CONTENT="People" HEIGHT="25" WIDTH="102" VPOS="2046" HPOS="1644"/>
<SP HEIGHT="16" WIDTH="19" VPOS="2051" HPOS="1747"/>
<String CONTENT="and" HEIGHT="21" WIDTH="47" VPOS="2047" HPOS="1767"/>
<SP HEIGHT="25" WIDTH="18" VPOS="2048" HPOS="1814"/>
<String CONTENT="power:" HEIGHT="22" WIDTH="98" VPOS="2052" HPOS="1832"/>
<SP HEIGHT="14" WIDTH="23" VPOS="2054" HPOS="1931"/>
<String CONTENT="a" HEIGHT="14" WIDTH="14" VPOS="2054" HPOS="1955"/>
<SP HEIGHT="15" WIDTH="20" VPOS="2054" HPOS="1969"/>
<String CONTENT="study" HEIGHT="26" WIDTH="85" VPOS="2049" HPOS="1989"/>
<SP HEIGHT="20" WIDTH="17" VPOS="2055" HPOS="2074"/>
<String CONTENT="of" HEIGHT="19" WIDTH="34" VPOS="2051" HPOS="2091"/>
<SP HEIGHT="20" WIDTH="18" VPOS="2051" HPOS="2125"/>
<String CONTENT="crisis" HEIGHT="21" WIDTH="102" VPOS="2051" HPOS="2143"/>
</TextLine>
<TextLine HEIGHT="31" WIDTH="579" VPOS="2075" HPOS="1679">
<String CONTENT="in" HEIGHT="19" WIDTH="32" VPOS="2075" HPOS="1679"/>
<SP HEIGHT="15" WIDTH="18" VPOS="2080" HPOS="1712"/>
<String CONTENT="secondary" HEIGHT="25" WIDTH="153" VPOS="2076" HPOS="1731"/>
<SP HEIGHT="20" WIDTH="17" VPOS="2081" HPOS="1885"/>
<String CONTENT="schools." HEIGHT="22" WIDTH="130" VPOS="2077" HPOS="1903"/>
<SP HEIGHT="21" WIDTH="40" VPOS="2079" HPOS="2034"/>
<String CONTENT="See" HEIGHT="19" WIDTH="48" VPOS="2080" HPOS="2075"/>
<SP HEIGHT="19" WIDTH="15" VPOS="2080" HPOS="2124"/>
<String CONTENT="WITTES," HEIGHT="27" WIDTH="118" VPOS="2079" HPOS="2140"/>
</TextLine>
<TextLine HEIGHT="22" WIDTH="95" VPOS="2104" HPOS="1679">
<String CONTENT="SIMON." HEIGHT="22" WIDTH="95" VPOS="2104" HPOS="1679"/>
</TextLine>
<TextLine HEIGHT="32" WIDTH="596" VPOS="2134" HPOS="1630">
<String CONTENT="The" HEIGHT="20" WIDTH="48" VPOS="2134" HPOS="1630"/>
<SP HEIGHT="20" WIDTH="17" VPOS="2135" HPOS="1679"/>
<String CONTENT="Taoist" HEIGHT="21" WIDTH="101" VPOS="2135" HPOS="1697"/>
<SP HEIGHT="20" WIDTH="18" VPOS="2136" HPOS="1799"/>
<String CONTENT="vision." HEIGHT="21" WIDTH="114" VPOS="2136" HPOS="1818"/>
<SP HEIGHT="20" WIDTH="40" VPOS="2138" HPOS="1933"/>
<String CONTENT="See" HEIGHT="20" WIDTH="48" VPOS="2138" HPOS="1974"/>
<SP HEIGHT="21" WIDTH="18" VPOS="2138" HPOS="2023"/>
<String CONTENT="MCNAUGHTON," HEIGHT="27" WIDTH="184" VPOS="2139" HPOS="2042"/>
</TextLine>
<TextLine HEIGHT="23" WIDTH="133" VPOS="2163" HPOS="1663">
<String CONTENT="WILLIAM." HEIGHT="23" WIDTH="133" VPOS="2163" HPOS="1663"/>
</TextLine>
<TextLine HEIGHT="31" WIDTH="620" VPOS="2192" HPOS="1627">
<String CONTENT="Working" HEIGHT="26" WIDTH="120" VPOS="2192" HPOS="1627"/>
<SP HEIGHT="19" WIDTH="19" VPOS="2199" HPOS="1747"/>
<String CONTENT="papers" HEIGHT="20" WIDTH="98" VPOS="2199" HPOS="1766"/>
<SP HEIGHT="15" WIDTH="21" VPOS="2200" HPOS="1865"/>
<String CONTENT="on" HEIGHT="16" WIDTH="30" VPOS="2200" HPOS="1887"/>
<SP HEIGHT="14" WIDTH="21" VPOS="2201" HPOS="1918"/>
<String CONTENT="survey" HEIGHT="21" WIDTH="99" VPOS="2201" HPOS="1940"/>
<SP HEIGHT="20" WIDTH="18" VPOS="2202" HPOS="2040"/>
<String CONTENT="research" HEIGHT="21" WIDTH="136" VPOS="2198" HPOS="2059"/>
<SP HEIGHT="19" WIDTH="20" VPOS="2199" HPOS="2195"/>
<String CONTENT="in" HEIGHT="19" WIDTH="32" VPOS="2199" HPOS="2215"/>
</TextLine>
<TextLine HEIGHT="30" WIDTH="613" VPOS="2223" HPOS="1663">
<String CONTENT="poverty" HEIGHT="25" WIDTH="117" VPOS="2224" HPOS="1663"/>
<SP HEIGHT="20" WIDTH="18" VPOS="2229" HPOS="1781"/>
<String CONTENT="areas." HEIGHT="15" WIDTH="96" VPOS="2229" HPOS="1800"/>
<SP HEIGHT="21" WIDTH="40" VPOS="2224" HPOS="1897"/>
<String CONTENT="See" HEIGHT="20" WIDTH="48" VPOS="2225" HPOS="1938"/>
<SP HEIGHT="19" WIDTH="19" VPOS="2226" HPOS="1987"/>
<String CONTENT="LANSING," HEIGHT="27" WIDTH="132" VPOS="2225" HPOS="2007"/>
<SP HEIGHT="25" WIDTH="21" VPOS="2227" HPOS="2140"/>
<String CONTENT="JOHN" HEIGHT="22" WIDTH="69" VPOS="2226" HPOS="2162"/>
<SP HEIGHT="20" WIDTH="14" VPOS="2228" HPOS="2232"/>
<String CONTENT="B." HEIGHT="19" WIDTH="29" VPOS="2229" HPOS="2247"/>
</TextLine>
<TextLine HEIGHT="34" WIDTH="669" VPOS="2265" HPOS="1611">
<String CONTENT="UNIVERSITY" HEIGHT="25" WIDTH="172" VPOS="2265" HPOS="1611"/>
<SP HEIGHT="21" WIDTH="18" VPOS="2269" HPOS="1784"/>
<String CONTENT="OF" HEIGHT="20" WIDTH="32" VPOS="2269" HPOS="1803"/>
<SP HEIGHT="20" WIDTH="15" VPOS="2270" HPOS="1836"/>
<String CONTENT="MICHIGAN," HEIGHT="28" WIDTH="150" VPOS="2269" HPOS="1852"/>
<SP HEIGHT="26" WIDTH="21" VPOS="2271" HPOS="2003"/>
<String CONTENT="ANN" HEIGHT="21" WIDTH="50" VPOS="2271" HPOS="2025"/>
<SP HEIGHT="20" WIDTH="17" VPOS="2272" HPOS="2076"/>
<String CONTENT="ARBOR." HEIGHT="23" WIDTH="97" VPOS="2272" HPOS="2094"/>
<SP HEIGHT="21" WIDTH="39" VPOS="2274" HPOS="2192"/>
<String CONTENT="See" HEIGHT="20" WIDTH="48" VPOS="2274" HPOS="2232"/>
</TextLine>
<TextLine HEIGHT="24" WIDTH="357" VPOS="2297" HPOS="1645" CS="1">
<String CONTENT="THE" HEIGHT="21" WIDTH="50" VPOS="2297" HPOS="1645"/>
<SP HEIGHT="19" WIDTH="18" VPOS="2298" HPOS="1696"/>
<String CONTENT="COST" HEIGHT="21" WIDTH="66" VPOS="2298" HPOS="1715"/>
<SP HEIGHT="20" WIDTH="19" VPOS="2299" HPOS="1782"/>
<String CONTENT="OF" HEIGHT="20" WIDTH="33" VPOS="2299" HPOS="1802"/>
<SP HEIGHT="20" WIDTH="17" VPOS="2299" HPOS="1836"/>
<String CONTENT="CONFLICT." HEIGHT="22" WIDTH="148" VPOS="2299" HPOS="1854"/>
</TextLine>
<TextLine HEIGHT="55" WIDTH="565" VPOS="2330" HPOS="1644" CS="1">
<String CONTENT="A" HEIGHT="21" WIDTH="17" VPOS="2330" HPOS="1644"/>
<SP HEIGHT="21" WIDTH="18" VPOS="2330" HPOS="1661"/>
<String CONTENT="STUDY" HEIGHT="21" WIDTH="83" VPOS="2331" HPOS="1679"/>
<SP HEIGHT="21" WIDTH="17" VPOS="2332" HPOS="1763"/>
<String CONTENT="GUIDE" HEIGHT="19" WIDTH="83" VPOS="2333" HPOS="1781"/>
<SP HEIGHT="20" WIDTH="17" VPOS="2333" HPOS="1865"/>
<String CONTENT="TO" HEIGHT="21" WIDTH="34" VPOS="2333" HPOS="1883"/>
<SP HEIGHT="20" WIDTH="15" VPOS="2334" HPOS="1918"/>
<String CONTENT="THE" HEIGHT="20" WIDTH="52" VPOS="2334" HPOS="1934"/>
<SP HEIGHT="19" WIDTH="17" VPOS="2335" HPOS="1987"/>
<String CONTENT="PHYSICAL" HEIGHT="21" WIDTH="138" VPOS="2335" HPOS="2005"/>
<SP HEIGHT="20" WIDTH="12" VPOS="2336" HPOS="2144"/>
<String CONTENT="UNIVERSE." HEIGHT="52" WIDTH="533" VPOS="2333" HPOS="1676"/>
</TextLine>
<TextLine HEIGHT="33" WIDTH="579" VPOS="2409" HPOS="1606" CS="1">
<String CONTENT="UNIVERSITY" HEIGHT="22" WIDTH="170" VPOS="2415" HPOS="1606"/>
<SP HEIGHT="21" WIDTH="18" VPOS="2416" HPOS="1777"/>
<String CONTENT="OF" HEIGHT="19" WIDTH="31" VPOS="2416" HPOS="1796"/>
<SP HEIGHT="19" WIDTH="17" VPOS="2416" HPOS="1828"/>
<String CONTENT="MICHIGAN," HEIGHT="26" WIDTH="150" VPOS="2414" HPOS="1846"/>
<SP HEIGHT="25" WIDTH="21" VPOS="2415" HPOS="1997"/>
<String CONTENT="ANN" HEIGHT="21" WIDTH="50" VPOS="2414" HPOS="2019"/>
<SP HEIGHT="20" WIDTH="15" VPOS="2414" HPOS="2070"/>
<String CONTENT="ARBOR." HEIGHT="23" WIDTH="99" VPOS="2413" HPOS="2086"/>
</TextLine>
<TextLine HEIGHT="29" WIDTH="564" VPOS="2439" HPOS="1641">
<String CONTENT="BUREAU" HEIGHT="20" WIDTH="101" VPOS="2444" HPOS="1641"/>
<SP HEIGHT="20" WIDTH="18" VPOS="2444" HPOS="1742"/>
<String CONTENT="OF" HEIGHT="20" WIDTH="32" VPOS="2443" HPOS="1761"/>
<SP HEIGHT="19" WIDTH="18" VPOS="2444" HPOS="1794"/>
<String CONTENT="BUSINESS" HEIGHT="22" WIDTH="135" VPOS="2442" HPOS="1813"/>
<SP HEIGHT="20" WIDTH="17" VPOS="2443" HPOS="1949"/>
<String CONTENT="RESEARCH." HEIGHT="21" WIDTH="151" VPOS="2442" HPOS="1967"/>
<SP HEIGHT="21" WIDTH="37" VPOS="2442" HPOS="2119"/>
<String CONTENT="See" HEIGHT="21" WIDTH="48" VPOS="2442" HPOS="2157"/>
</TextLine>
<TextLine HEIGHT="32" WIDTH="580" VPOS="2467" HPOS="1641">
<String CONTENT="UNIVERSITY" HEIGHT="22" WIDTH="170" VPOS="2472" HPOS="1641"/>
<SP HEIGHT="21" WIDTH="17" VPOS="2472" HPOS="1812"/>
<String CONTENT="OF" HEIGHT="20" WIDTH="32" VPOS="2472" HPOS="1830"/>
<SP HEIGHT="21" WIDTH="16" VPOS="2471" HPOS="1863"/>
<String CONTENT="MICHIGAN," HEIGHT="26" WIDTH="151" VPOS="2471" HPOS="1880"/>
<SP HEIGHT="28" WIDTH="19" VPOS="2470" HPOS="2032"/>
<String CONTENT="ANN" HEIGHT="20" WIDTH="52" VPOS="2471" HPOS="2052"/>
<SP HEIGHT="20" WIDTH="15" VPOS="2471" HPOS="2105"/>
<String CONTENT="ARBOR." HEIGHT="21" WIDTH="100" VPOS="2470" HPOS="2121"/>
</TextLine>
<TextLine HEIGHT="59" WIDTH="648" VPOS="2496" HPOS="1641" CS="1">
<String CONTENT="GRADUATE" HEIGHT="22" WIDTH="134" VPOS="2501" HPOS="1642"/>
<SP HEIGHT="20" WIDTH="18" VPOS="2502" HPOS="1777"/>
<String CONTENT="SCHOOL" HEIGHT="20" WIDTH="101" VPOS="2501" HPOS="1796"/>
<SP HEIGHT="21" WIDTH="18" VPOS="2500" HPOS="1898"/>
<String CONTENT="OF" HEIGHT="19" WIDTH="31" VPOS="2501" HPOS="1917"/>
<SP HEIGHT="19" WIDTH="17" VPOS="2501" HPOS="1949"/>
<String CONTENT="BUSINESS" HEIGHT="22" WIDTH="135" VPOS="2499" HPOS="1967"/>
<SP HEIGHT="20" WIDTH="17" VPOS="2500" HPOS="2103"/>
<String CONTENT="ADMINISTRATION." HEIGHT="59" WIDTH="599" VPOS="2496" HPOS="1641"/>
<SP HEIGHT="22" WIDTH="38" VPOS="2530" HPOS="1774"/>
<String CONTENT="BUREAU" HEIGHT="22" WIDTH="102" VPOS="2529" HPOS="1813"/>
<SP HEIGHT="19" WIDTH="16" VPOS="2530" HPOS="1916"/>
<String CONTENT="OF" HEIGHT="19" WIDTH="32" VPOS="2530" HPOS="1933"/>
<SP HEIGHT="19" WIDTH="18" VPOS="2530" HPOS="1966"/>
<String CONTENT="BUSINESS" HEIGHT="22" WIDTH="135" VPOS="2528" HPOS="1985"/>
<SP HEIGHT="19" WIDTH="18" VPOS="2529" HPOS="2121"/>
<String CONTENT="RESEARCH." HEIGHT="22" WIDTH="149" VPOS="2527" HPOS="2140"/>
</TextLine>
<TextLine HEIGHT="32" WIDTH="581" VPOS="2582" HPOS="1593" CS="1">
<String CONTENT="UNIVERSITY" HEIGHT="22" WIDTH="173" VPOS="2585" HPOS="1593"/>
<SP HEIGHT="22" WIDTH="18" VPOS="2585" HPOS="1766"/>
<String CONTENT="OF" HEIGHT="20" WIDTH="33" VPOS="2586" HPOS="1784"/>
<SP HEIGHT="20" WIDTH="17" VPOS="2586" HPOS="1817"/>
<String CONTENT="MICHIGAN," HEIGHT="27" WIDTH="151" VPOS="2585" HPOS="1834"/>
<SP HEIGHT="26" WIDTH="21" VPOS="2586" HPOS="1985"/>
<String CONTENT="ANN" HEIGHT="22" WIDTH="53" VPOS="2586" HPOS="2006"/>
<SP HEIGHT="21" WIDTH="16" VPOS="2586" HPOS="2059"/>
<String CONTENT="ARBOR." HEIGHT="25" WIDTH="99" VPOS="2586" HPOS="2075"/>
</TextLine>
<TextLine HEIGHT="28" WIDTH="440" VPOS="2611" HPOS="1629">
<String CONTENT="BUREAU" HEIGHT="22" WIDTH="100" VPOS="2614" HPOS="1629"/>
<SP HEIGHT="21" WIDTH="19" VPOS="2614" HPOS="1730"/>
<String CONTENT="OF" HEIGHT="22" WIDTH="32" VPOS="2614" HPOS="1750"/>
<SP HEIGHT="21" WIDTH="17" VPOS="2615" HPOS="1783"/>
<String CONTENT="SCHOOL" HEIGHT="22" WIDTH="102" VPOS="2615" HPOS="1801"/>
<SP HEIGHT="22" WIDTH="17" VPOS="2615" HPOS="1904"/>
<String CONTENT="SERVICES." HEIGHT="22" WIDTH="147" VPOS="2614" HPOS="1922"/>
</TextLine>
<TextLine HEIGHT="31" WIDTH="650" VPOS="2639" HPOS="1629">
<String CONTENT="A" HEIGHT="23" WIDTH="15" VPOS="2641" HPOS="1629"/>
<SP HEIGHT="22" WIDTH="18" VPOS="2642" HPOS="1645"/>
<String CONTENT="flexible" HEIGHT="21" WIDTH="133" VPOS="2643" HPOS="1664"/>
<SP HEIGHT="15" WIDTH="19" VPOS="2648" HPOS="1798"/>
<String CONTENT="unit" HEIGHT="19" WIDTH="66" VPOS="2644" HPOS="1818"/>
<SP HEIGHT="21" WIDTH="17" VPOS="2643" HPOS="1885"/>
<String CONTENT="English" HEIGHT="24" WIDTH="119" VPOS="2644" HPOS="1903"/>
<SP HEIGHT="20" WIDTH="19" VPOS="2644" HPOS="2023"/>
<String CONTENT="curriculum" HEIGHT="21" WIDTH="169" VPOS="2643" HPOS="2043"/>
<SP HEIGHT="19" WIDTH="17" VPOS="2644" HPOS="2213"/>
<String CONTENT="for" HEIGHT="19" WIDTH="48" VPOS="2644" HPOS="2231"/>
</TextLine>
<TextLine HEIGHT="32" WIDTH="565" VPOS="2668" HPOS="1665">
<String CONTENT="phase" HEIGHT="24" WIDTH="80" VPOS="2672" HPOS="1665"/>
<SP HEIGHT="20" WIDTH="21" VPOS="2671" HPOS="1746"/>
<String CONTENT="1" HEIGHT="21" WIDTH="12" VPOS="2671" HPOS="1768"/>
<SP HEIGHT="20" WIDTH="20" VPOS="2672" HPOS="1781"/>
<String CONTENT="students;" HEIGHT="25" WIDTH="146" VPOS="2671" HPOS="1802"/>
<SP HEIGHT="20" WIDTH="24" VPOS="2676" HPOS="1949"/>
<String CONTENT="second" HEIGHT="21" WIDTH="97" VPOS="2671" HPOS="1974"/>
<SP HEIGHT="24" WIDTH="20" VPOS="2672" HPOS="2072"/>
<String CONTENT="year," HEIGHT="21" WIDTH="79" VPOS="2676" HPOS="2093"/>
<SP HEIGHT="24" WIDTH="23" VPOS="2672" HPOS="2173"/>
<String CONTENT="by" HEIGHT="23" WIDTH="33" VPOS="2672" HPOS="2197"/>
</TextLine>
<TextLine HEIGHT="31" WIDTH="509" VPOS="2696" HPOS="1664" CS="1">
<String CONTENT="Gerald" HEIGHT="20" WIDTH="98" VPOS="2701" HPOS="1664"/>
<SP HEIGHT="21" WIDTH="18" VPOS="2700" HPOS="1763"/>
<String CONTENT="T." HEIGHT="20" WIDTH="29" VPOS="2701" HPOS="1782"/>
<SP HEIGHT="20" WIDTH="21" VPOS="2701" HPOS="1812"/>
<String CONTENT="Duhm," HEIGHT="24" WIDTH="80" VPOS="2701" HPOS="1834"/>
<SP HEIGHT="24" WIDTH="21" VPOS="2701" HPOS="1915"/>
<String CONTENT="Robert" HEIGHT="21" WIDTH="101" VPOS="2700" HPOS="1937"/>
<SP HEIGHT="21" WIDTH="19" VPOS="2700" HPOS="2039"/>
<String CONTENT="Servis," HEIGHT="26" WIDTH="114" VPOS="2699" HPOS="2059"/>
</TextLine>
<TextLine HEIGHT="33" WIDTH="593" VPOS="2725" HPOS="1664">
<String CONTENT="Joseph" HEIGHT="24" WIDTH="100" VPOS="2730" HPOS="1664"/>
<SP HEIGHT="20" WIDTH="17" VPOS="2730" HPOS="1765"/>
<String CONTENT="L." HEIGHT="19" WIDTH="27" VPOS="2731" HPOS="1783"/>
<SP HEIGHT="20" WIDTH="22" VPOS="2730" HPOS="1811"/>
<String CONTENT="Kolpacke" HEIGHT="27" WIDTH="135" VPOS="2728" HPOS="1834"/>
<SP HEIGHT="20" WIDTH="19" VPOS="2729" HPOS="1970"/>
<String CONTENT="&amp;" HEIGHT="20" WIDTH="16" VPOS="2729" HPOS="1990"/>
<SP HEIGHT="21" WIDTH="17" VPOS="2728" HPOS="2007"/>
<String CONTENT="Jerry" HEIGHT="25" WIDTH="85" VPOS="2728" HPOS="2025"/>
<SP HEIGHT="23" WIDTH="15" VPOS="2730" HPOS="2111"/>
<String CONTENT="Laycock." HEIGHT="26" WIDTH="130" VPOS="2728" HPOS="2127"/>
</TextLine>
<TextLine HEIGHT="35" WIDTH="617" VPOS="2750" HPOS="1663" CS="1">
<String CONTENT="Rev." HEIGHT="20" WIDTH="61" VPOS="2759" HPOS="1663"/>
<SP HEIGHT="29" WIDTH="7" VPOS="2750" HPOS="1725"/>
<String CONTENT="ed." HEIGHT="21" WIDTH="44" VPOS="2758" HPOS="1749"/>
<SP HEIGHT="20" WIDTH="24" VPOS="2759" HPOS="1794"/>
<String CONTENT="1970." HEIGHT="24" WIDTH="77" VPOS="2758" HPOS="1819"/>
<SP/>
<String CONTENT="157" HEIGHT="24" WIDTH="46" VPOS="2758" HPOS="1940"/>
<SP HEIGHT="24" WIDTH="19" VPOS="2758" HPOS="1987"/>
<String CONTENT="p." HEIGHT="20" WIDTH="27" VPOS="2763" HPOS="2007"/>
<SP HEIGHT="21" WIDTH="38" VPOS="2758" HPOS="2035"/>
<String CONTENT="&#169;University" HEIGHT="25" WIDTH="206" VPOS="2756" HPOS="2074"/>
</TextLine>
<TextLine HEIGHT="35" WIDTH="507" VPOS="2780" HPOS="1664">
<String CONTENT="of" HEIGHT="19" WIDTH="31" VPOS="2788" HPOS="1664"/>
<SP HEIGHT="20" WIDTH="16" VPOS="2787" HPOS="1696"/>
<String CONTENT="Michigan;" HEIGHT="26" WIDTH="149" VPOS="2786" HPOS="1713"/>
<SP HEIGHT="25" WIDTH="23" VPOS="2786" HPOS="1863"/>
<String CONTENT="26Aug70;" HEIGHT="29" WIDTH="130" VPOS="2782" HPOS="1887"/>
<SP HEIGHT="26" WIDTH="22" VPOS="2785" HPOS="2018"/>
<!-- cceid DB47B442-7222-1014-A92F-CB0463F9F54D --><String CONTENT="A212769." HEIGHT="28" WIDTH="130" VPOS="2783" HPOS="2041"/>
</TextLine>
<TextLine HEIGHT="32" WIDTH="653" VPOS="2819" HPOS="1620">
<String CONTENT="A" HEIGHT="19" WIDTH="14" VPOS="2824" HPOS="1620"/>
<SP HEIGHT="21" WIDTH="18" VPOS="2823" HPOS="1635"/>
<String CONTENT="flexible" HEIGHT="21" WIDTH="133" VPOS="2823" HPOS="1654"/>
<SP HEIGHT="14" WIDTH="19" VPOS="2829" HPOS="1788"/>
<String CONTENT="unit" HEIGHT="20" WIDTH="65" VPOS="2824" HPOS="1808"/>
<SP HEIGHT="19" WIDTH="21" VPOS="2825" HPOS="1874"/>
<String CONTENT="English" HEIGHT="26" WIDTH="118" VPOS="2823" HPOS="1896"/>
<SP HEIGHT="20" WIDTH="19" VPOS="2824" HPOS="2015"/>
<String CONTENT="curriculum" HEIGHT="21" WIDTH="170" VPOS="2824" HPOS="2035"/>
<SP HEIGHT="19" WIDTH="17" VPOS="2824" HPOS="2206"/>
<String CONTENT="for" HEIGHT="19" WIDTH="49" VPOS="2824" HPOS="2224"/>
</TextLine>
<TextLine HEIGHT="89" WIDTH="622" VPOS="2849" HPOS="1653" CS="1">
<String CONTENT="phase" HEIGHT="24" WIDTH="83" VPOS="2853" HPOS="1653"/>
<SP HEIGHT="19" WIDTH="22" VPOS="2854" HPOS="1736"/>
<String CONTENT="1" HEIGHT="20" WIDTH="14" VPOS="2854" HPOS="1758"/>
<SP HEIGHT="19" WIDTH="21" VPOS="2855" HPOS="1772"/>
<String CONTENT="students;" HEIGHT="24" WIDTH="148" VPOS="2853" HPOS="1793"/>
<SP HEIGHT="24" WIDTH="22" VPOS="2853" HPOS="1941"/>
<String CONTENT="teacher's" HEIGHT="21" WIDTH="154" VPOS="2852" HPOS="1963"/>
<SP HEIGHT="19" WIDTH="20" VPOS="2853" HPOS="2117"/>
<String CONTENT="handbook," HEIGHT="61" WIDTH="550" VPOS="2849" HPOS="1654"/>
<SP HEIGHT="25" WIDTH="21" VPOS="2881" HPOS="1734"/>
<String CONTENT="by" HEIGHT="26" WIDTH="33" VPOS="2881" HPOS="1756"/>
<SP HEIGHT="25" WIDTH="17" VPOS="2882" HPOS="1790"/>
<String CONTENT="Gerald" HEIGHT="23" WIDTH="100" VPOS="2880" HPOS="1808"/>
<SP HEIGHT="21" WIDTH="19" VPOS="2881" HPOS="1909"/>
<String CONTENT="T." HEIGHT="20" WIDTH="27" VPOS="2882" HPOS="1929"/>
<SP HEIGHT="19" WIDTH="23" VPOS="2882" HPOS="1957"/>
<String CONTENT="Duhm," HEIGHT="24" WIDTH="81" VPOS="2882" HPOS="1981"/>
<SP HEIGHT="24" WIDTH="21" VPOS="2882" HPOS="2063"/>
<String CONTENT="Robert" HEIGHT="21" WIDTH="101" VPOS="2881" HPOS="2085"/>
<SP HEIGHT="20" WIDTH="19" VPOS="2881" HPOS="2187"/>
<String CONTENT="Servis," HEIGHT="61" WIDTH="618" VPOS="2877" HPOS="1656"/>
<SP HEIGHT="23" WIDTH="23" VPOS="2911" HPOS="1699"/>
<String CONTENT="Joseph" HEIGHT="25" WIDTH="101" VPOS="2910" HPOS="1723"/>
<SP HEIGHT="19" WIDTH="18" VPOS="2911" HPOS="1825"/>
<String CONTENT="Kolpacke" HEIGHT="25" WIDTH="134" VPOS="2910" HPOS="1844"/>
<SP HEIGHT="19" WIDTH="19" VPOS="2911" HPOS="1979"/>
<String CONTENT="&amp;" HEIGHT="19" WIDTH="17" VPOS="2911" HPOS="1999"/>
<SP HEIGHT="21" WIDTH="17" VPOS="2910" HPOS="2017"/>
<String CONTENT="Jerry" HEIGHT="23" WIDTH="84" VPOS="2911" HPOS="2035"/>
<SP HEIGHT="23" WIDTH="17" VPOS="2911" HPOS="2120"/>
<String CONTENT="Laycock." HEIGHT="25" WIDTH="130" VPOS="2909" HPOS="2138"/>
</TextLine>
<TextLine HEIGHT="33" WIDTH="604" VPOS="2933" HPOS="1653" CS="1">
<String CONTENT="Rev." HEIGHT="19" WIDTH="61" VPOS="2940" HPOS="1653"/>
<SP HEIGHT="15" WIDTH="24" VPOS="2944" HPOS="1715"/>
<String CONTENT="ed" HEIGHT="21" WIDTH="30" VPOS="2938" HPOS="1740"/>
<SP HEIGHT="20" WIDTH="38" VPOS="2939" HPOS="1771"/>
<String CS="1" CONTENT="1970." HEIGHT="24" WIDTH="66" VPOS="2939" HPOS="1810"/>
<SP/>
<String CONTENT="46" HEIGHT="24" WIDTH="33" VPOS="2935" HPOS="1930"/>
<SP HEIGHT="23" WIDTH="19" VPOS="2936" HPOS="1964"/>
<String CONTENT="1." HEIGHT="19" WIDTH="25" VPOS="2940" HPOS="1984"/>
<SP/>
<String CONTENT="&#169;" HEIGHT="19" WIDTH="20" VPOS="2939" HPOS="2049"/>
<SP HEIGHT="20" WIDTH="13" VPOS="2939" HPOS="2070"/>
<String CONTENT="University" HEIGHT="25" WIDTH="173" VPOS="2938" HPOS="2084"/>
</TextLine>
<TextLine HEIGHT="35" WIDTH="512" VPOS="2960" HPOS="1653">
<String CONTENT="of" HEIGHT="19" WIDTH="32" VPOS="2968" HPOS="1654"/>
<SP HEIGHT="20" WIDTH="17" VPOS="2967" HPOS="1687"/>
<String CONTENT="Michigan;" HEIGHT="25" WIDTH="151" VPOS="2967" HPOS="1704"/>
<SP HEIGHT="23" WIDTH="23" VPOS="2968" HPOS="1855"/>
<String CONTENT="26Aug70;" HEIGHT="28" WIDTH="131" VPOS="2964" HPOS="1878"/>
<SP HEIGHT="24" WIDTH="24" VPOS="2967" HPOS="2009"/>
<!-- cceid DB47F1C6-7222-1014-A92F-CB0463F9F54D --><String CONTENT="A212767." HEIGHT="28" WIDTH="131" VPOS="2963" HPOS="2034"/>
</TextLine>
</TextBlock>
</PrintSpace>
</Page>
</Layout>
</alto>