2363 3342
117 147 45 23 834

111 255 115 27 LISTER,
249 256 130 21 RAYMOND.

144 283 118 24 Antique
283 288 65 20 maps
368 284 47 20 and
438 284 83 20 their
541 286 232 23 cartographers.

180 308 597 30 London, G. Bell. 128 p. © G. Bell
179 340 17 19 &
215 341 65 19 Sons,
317 340 79 26 Ltd.;
417 342 133 25 30Jun70;
571 341 120 25 AF32197.

98 400 114 27 LISTON,
234 400 102 20 ROBERT
354 399 28 22 A.

132 429 48 21 The
201 428 99 22 limits
321 428 32 20 of
373 428 147 21 defiance:
546 429 129 24 strikes,

167 457 113 26 rights,
304 457 48 20 and
372 456 182 27 government.
594 457 51 21 New
663 457 82 26 York,

166 484 510 27 F. Watts. 150 p. © Robert A.
167 514 113 26 Liston;
322 510 99 30 16Apr71;
458 514 119 25 A239919.

111 568 185 26 LISZKOWSKI,
319 567 101 22 RONALD
439 569 28 20 L.

148 597 82 21 Let’s
252 596 66 20 talk
337 601 82 16 sense
439 597 83 19 about
543 594 84 21 Black
642 594 169 24 Americans,

182 626 33 24 by
233 626 28 21 R.
285 626 28 20 J.
336 624 182 22 Liszkowski.
560 624 131 25 Chicago,

182 654 153 22 Claretian
353 653 217 22 Publications.
611 653 31 24 32
663 658 27 19 p.

216 675 543 31 © Claretian Publications; 14Nov69;
181 708 132 27 A241007.

106 759 182 25 LITCHFIELD,
310 758 62 21 ADA.

141 788 13 21 I
175 790 61 21 can,
261 791 48 15 can
329 786 65 26 you?
432 786 133 21 Pictures
586 786 34 24 by
637 784 67 21 Ruth

173 816 165 21 Hartshorn.
378 814 116 26 Austin,
518 812 204 26 Steck-Vaughn

176 840 524 30 Co. 32 p. © Steck-Vaughn Co.;
175 873 131 24 22Feb71;
327 868 132 29 A223369.

108 927 131 26 LITECKY,
263 927 116 21 CHARLES
398 929 29 21 R.

142 956 171 25 Elementary
331 957 83 21 Cobol
432 957 200 26 programming:
656 963 15 15 a
692 958 64 25 step

175 985 33 26 by
228 985 65 25 step
313 986 147 25 approach.
502 987 47 20 See
569 986 98 27 DAVIS,

175 1014 103 20 GORDON
296 1014 29 21 B.

95 1064 136 23 LITERARY
249 1066 84 21 GUILD
353 1066 31 21 OF
402 1067 133 28 AMERICA,
559 1068 61 22 INC.

129 1094 165 21 Chronicle.
335 1096 47 20 See
403 1097 79 26 ZOSS,
507 1098 78 21 JOEL.

126 1126 52 24 Ego
197 1126 62 21 art:
282 1127 83 20 notes
387 1132 29 16 on
437 1129 48 19 how
508 1130 12 19 I
542 1135 64 15 came
626 1131 32 19 to
678 1131 44 20 it.

162 1154 49 20 See
231 1155 148 25 CALISHER,
402 1157 148 21 HORTENSE.

128 1195 84 18 Seven
231 1199 96 20 poems.
368 1194 48 21 See
436 1196 132 26 WOIWODE,
591 1198 27 19 L.

149 1231 83 22 Still
253 1234 79 20 life.
372 1235 48 21 See
442 1238 147 26 FRIEDMAN,
612 1239 132 24 SANFORD.

103 1286 52 22 THE
175 1287 137 21 LITERARY
329 1288 134 21 MAGAZINE
482 1289 33 21 OF
533 1289 84 22 TUFTS

138 1316 183 22 UNIVERSITY.
361 1314 98 29 Vol.6,
482 1319 79 21 no.1.
604 1315 31 28 69
655 1324 26 20 p.

139 1345 79 25 Appl.
243 1346 129 20 authors:
397 1347 82 20 Peter
497 1348 104 25 Whaley
620 1349 16 18 &
655 1349 100 19 Sharon

140 1373 630 28 Cramer. © Literary Magazine of Tufts
137 1402 184 25 University;
362 1399 113 30 14Apr71;
498 1401 131 28 A232066.

107 1460 136 21 LITERARY
262 1459 183 22 MONOGRAPHS.
552 1459 29 24 Vol.3.
622 1458 101 21 Edited
743 1458 33 24 by

142 1490 65 20 Eric
227 1489 166 21 Rothstein.
433 1489 131 24 Madison,
589 1487 63 22 Pub.
675 1488 49 19 for

142 1519 49 20 the
210 1518 168 25 Department
398 1518 33 20 of
450 1517 119 25 English
588 1517 34 25 by
641 1517 48 20 the

142 1547 171 24 University
330 1547 33 19 of
380 1545 155 22 Wisconsin
555 1546 97 21 Press.
691 1545 49 24 225
760 1550 30 19 p.

176 1573 480 28 © Regents of the University of
142 1604 166 24 Wisconsin;
330 1599 114 30 6Nov70;
467 1599 133 29 A243167.

116 1649 170 21 LITERATURA
303 1649 149 25 ROSYJSKA;
476 1649 182 25 podrecznik.
700 1650 60 20 T.l.

150 1678 84 20 Uklad
254 1678 14 19 i
288 1678 134 25 redakcja
443 1679 111 24 ogolna:
578 1679 118 20 Mariana

151 1707 131 21 Jakobca.
322 1708 32 23 By
373 1707 134 25 Zbigniew
527 1708 150 25 Baranski,

150 1735 102 20 Bohdan
270 1736 132 26 Galster,
423 1737 102 20 Marian
544 1737 134 19 Jakobiec
700 1736 16 19 &

152 1764 112 21 others.
304 1765 96 25 Wyd.1.
440 1766 151 25 Warszawa,
613 1766 152 18 Panstwowe

149 1790 633 28 Wydawn. Naukowe. 631 p. © Panstwowe
150 1822 115 24 Wydawn.
290 1822 129 25 Naukowe;
443 1822 81 25 15Feb71;
666 1820 84 26 AF0-65159.

117 1893 170 21 LITERATURE
306 1893 67 19 FROM
390 1894 50 19 THE
460 1894 49 19 OLD
527 1892 166 25 TESTAMENT;

153 1921 167 21 selections
340 1921 67 20 from
425 1922 49 19 the
493 1922 67 24 King
579 1923 83 19 James
154 1924 578 48 version.
270 1950 67 19 With
357 1950 133 25 drawings
509 1951 34 24 by
562 1950 150 20 Rembrandt
733 1954 50 15 van

151 1979 79 23 Rijn.
272 1979 111 24 Boston,
407 1980 135 24 Houghton
561 1978 130 21 Mifflin.

151 2007 49 23 304
220 2013 27 19 p.
294 2004 162 30 (Riverside
477 2008 167 20 literature
667 2008 110 19 series.

153 2036 116 20 General
290 2035 128 21 editors:
443 2037 117 19 Kenneth
579 2037 26 19 S.
631 2037 66 24 Lynn
715 2036 16 20 &

151 2064 67 20 Arno
239 2061 111 29 Jewett)
390 2065 45 19 NM:
460 2065 198 25 compilation.

186 2087 490 32 © Houghton Mifflin Co.; 4Jan71;
152 2116 131 28 A207084.

112 2167 169 20 LITERATURE
302 2168 31 19 IN
351 2168 130 21 AMERICA.
521 2170 49 19 The
591 2170 135 24 founding
745 2171 32 19 of

146 2201 15 14 a
180 2196 114 20 nation.
334 2196 100 21 Edited
453 2198 32 24 by
506 2199 118 19 Kenneth
643 2199 164 21 Silverman.

146 2224 118 21 General
283 2225 113 25 editor,
421 2227 97 19 Robert
539 2227 27 20 C.
590 2228 148 21 Albrecht.

146 2254 49 19 New
214 2254 80 24 York,
318 2254 64 19 Free
404 2255 94 20 Press.
538 2251 49 28 483
607 2261 28 19 p.
676 2256 79 25 Appl.

147 2282 129 21 authors:
301 2283 116 20 Kenneth
438 2284 163 24 Silverman;
625 2285 65 19 Free
712 2285 95 25 Press,

146 2316 15 13 a
181 2310 135 20 division
335 2311 31 19 of
386 2311 47 20 the
454 2313 152 19 Macmillan
625 2314 62 24 Co.,

147 2338 134 25 employer
301 2338 48 20 for
368 2339 66 20 hire
456 2340 31 19 in
503 2340 166 21 headnotes.
711 2342 43 19 NM:

146 2366 97 24 pref.,
265 2367 66 24 part
353 2367 232 26 introductions,
607 2368 166 26 headnotes,

147 2395 543 26 footnotes & compilation. © Free
147 2424 95 23 Press,
266 2429 15 14 a
301 2423 134 21 division
454 2425 31 19 of
506 2425 47 19 the
573 2425 153 21 Macmillan

144 2451 63 25 Co.;
249 2447 112 29 18Jan71;
384 2448 131 28 A249742.

106 2509 49 21 THE
175 2507 168 22 LITERATURE
364 2507 31 20 OF
415 2507 49 20 THE
482 2506 101 20 UNITED
603 2504 113 21 STATES.

138 2537 98 21 Vol.1.
277 2537 34 23 By
328 2535 103 21 Walter
448 2534 98 26 Blair,
569 2533 134 20 Theodore
139 2529 615 62 Hornberger,
278 2564 116 21 Randall
416 2563 117 21 Stewart
552 2563 16 19 &
587 2562 82 20 James
688 2561 30 21 E.

139 2594 116 25 Miller,
279 2594 44 19 Jr.
363 2593 32 24 3d
416 2593 63 25 ed.,
500 2590 135 24 Heritage
654 2589 96 25 print.

141 2623 150 24 Glenview,
314 2621 79 26 Ill.,
416 2620 96 26 Scott,
535 2620 149 20 Foresman.

142 2646 560 32 1634 p. © Scott, Foresman & Co.;
143 2679 131 27 27Apr71;
296 2674 131 28 A240207.

115 2739 116 28 LITMAN,
254 2739 129 21 FRANCES.

151 2769 32 20 As
203 2769 48 20 the
271 2768 67 25 twig
357 2769 31 19 is
407 2769 79 19 bent.
529 2769 48 18 See
597 2767 148 25 ANDERSON,

186 2798 101 19 ROBERT
306 2798 27 20 H.

862 253 80 27 LITT,
964 255 148 21 BENJAMIN.

896 282 134 21 Critical
1053 284 132 24 thinking
1204 285 49 19 and
932 285 529 53 informationhandling
1085 313 98 25 styles
1206 314 30 19 of
1256 314 169 25 managerial

930 342 151 23 personnel
1102 342 32 20 in
1153 342 184 21 mechanistic
1357 344 50 19 and
1427 344 116 25 organic

928 369 134 21 business
1084 371 231 25 organizations.
1356 369 50 19 Ann
1425 368 97 27 Arbor,

930 398 168 26 University
1116 399 168 21 Microfilms
1306 400 119 25 Library

930 427 132 20 Services
1088 425 127 30 (19,529)
1253 429 166 21 Microfilm.

935 452 145 30 (Doctoral
1100 457 204 21 dissertation
1323 455 115 29 series)

965 485 541 27 © Benjamin Litt; 29Jan71; A225910.
855 544 132 27 LITTELL,
1011 545 135 20 FRANKLIN
1164 544 113 21 HAMLIN.

890 574 69 20 From
979 574 80 19 state
1079 573 100 21 church
1200 573 31 20 to
1250 574 167 24 pluralism;
1440 577 14 16 a

926 602 167 20 Protestant
1116 602 237 25 interpretation
1371 602 32 19 of
1423 601 135 26 religion

927 631 30 20 in
975 631 136 20 American
1132 631 129 24 history.
1302 631 49 19 New
1369 630 83 26 York,

924 658 562 27 Macmillan. 225 p. Appl. author:
924 689 153 20 Macmillan
1097 688 62 26 Co.,
1184 688 133 26 employer
1338 688 48 19 for
1408 687 77 21 hire.

926 714 530 29 NM: pref. & chap.6. © Franklin
925 746 100 20 Hamlin
1045 746 131 24 Littell;
1201 742 130 27 28Jan71;
1353 740 132 26 A224628.

854 797 187 21 LITTERATURE
1061 798 83 20 RUSSE
1165 798 200 21 CLANDESTINE.
1405 798 32 25 By

890 826 216 26 Soljenitsyne,
1129 826 132 25 Maximov,
1282 826 119 21 Vielski
1421 827 16 19 &

891 854 113 21 others.
1044 855 117 20 Traduit
1183 855 31 19 du
1234 860 81 15 russe
1335 860 50 20 par
1406 854 98 22 Claire

888 883 98 26 Lopez.
1026 884 79 20 Pref.
1130 885 29 19 de
1181 882 219 22 Jean-Francois
1422 883 96 21 Revel.

890 911 613 55 Paris, A. Michel. 342 p. NM: translation. © Editions Albin Michel;
889 969 130 25 15Mar71;
1112 966 97 28 AF0-65326.

873 1011 148 25 LITTERST,
1043 1010 117 21 CHARLES
1182 1009 146 21 LAWRENCE.

909 1039 199 21 Interactions
1128 1038 118 21 between
1267 1036 220 23 environmental

941 1069 150 20 chemicals
1113 1068 49 20 and
1180 1067 85 21 human
1284 1066 82 20 cells
1389 1066 32 19 in

943 1099 97 19 tissue
1061 1098 132 19 culture.
1233 1097 49 19 Ann
1302 1096 96 23 Arbor,
944 1094 578 58 University
1027 1126 168 20 Microfilms
1217 1125 117 24 Library
1354 1123 133 21 Services

946 1149 127 34 (24,703)
1113 1153 166 21 Microfilm.
1324 1150 147 31 (Doctoral

943 1179 528 31 dissertation series) © Charles
944 1214 132 19 Lawrence
1099 1211 145 21 Litterst:
1266 1209 120 26 30Apr71
1410 1207 45 30 (in

942 1241 114 20 notice:
1079 1238 98 29 1970);
1201 1232 130 32 A243373.

857 1303 114 26 LITTKY,
993 1303 100 20 DENNIS
1113 1303 131 23 SHELDON.

892 1331 237 21 Identification
1147 1333 48 18 and
1216 1332 133 25 analysis
1372 1333 31 19 of

926 1361 149 19 variables
1096 1362 48 19 and
1164 1366 151 20 processes
1336 1362 154 26 affecting

926 1390 184 20 educational
1130 1391 100 23 change
1251 1390 31 20 In
1301 1390 86 20 urban
1406 1391 116 20 schools

923 1419 48 19 and
994 1418 198 21 communities:
1215 1423 15 15 a
1251 1419 83 25 study
1354 1419 31 20 in
1405 1420 48 20 the

925 1448 82 19 Ocean
1025 1448 273 20 Hill-Brownsville
1317 1449 223 20 Demonstration

924 1476 99 19 School
1042 1475 149 22 District.
1230 1476 52 20 Ann
1299 1476 99 25 Arbor,
925 1477 597 53 University
1008 1504 168 21 Microfilms
1198 1505 119 25 Library
1335 1506 133 20 Services

925 1529 598 61 (4664) Microfilm. (Doctoral dissertation series) © Dennis Sheldon
924 1590 114 25 Littky;
1060 1587 133 29 26Feb71;
1213 1590 133 25 A232705.

852 1641 117 26 LITTLE,
990 1642 149 22 ARAMINTA.

887 1670 188 26 Forty-sixth
1093 1672 169 21 conference
1282 1677 118 21 program
1420 1674 47 20 and

922 1700 98 20 annual
1042 1702 113 22 report.
1196 1700 48 21 See
1261 1701 123 20 WESTERN
1401 1702 120 21 SOCIETY

922 1729 49 19 FOR
991 1729 134 20 PHYSICAL
1142 1729 155 21 EDUCATION
1314 1731 35 20 OF
1367 1731 118 21 COLLEGE

919 1757 100 26 WOMEN,
1041 1758 63 21 INC.

855 1817 114 26 LITTLE,
992 1818 79 21 BETH.

888 1846 33 20 El
941 1847 100 19 ninito
1059 1847 166 20 misionero.
1266 1847 48 19 See
1334 1847 115 26 BAILEY,

925 1876 129 20 ORALEAH.

863 1930 115 27 LITTLE,
1001 1933 113 21 BILLIE.

896 1959 116 27 Recipes
1034 1963 49 19 for
1102 1963 166 26 allergies.
1309 1966 152 27 Including

930 1989 15 19 A
964 1991 101 23 primer
1086 1991 48 21 for
1153 1993 166 26 allergies,
1342 1995 33 24 by

931 2018 26 20 A.
982 2019 133 21 Chesmore
1135 2021 149 22 Eastlake.
1324 2023 62 20 Rev.
1411 2025 44 21 ed.

930 2047 456 30 New York, Grosset & Dunlap.
928 2076 561 31 372 p. © Billie Little; 23Jul69;
929 2104 130 26 A221635.

864 2149 115 28 LITTLE,
1002 2151 84 20 BROWN
1103 2150 17 22 &
1138 2151 63 26 CO.,
1226 2151 59 22 INC.

898 2178 49 21 The
966 2179 134 21 American
1123 2180 100 20 Indian
1242 2181 32 20 in
1293 2181 84 20 urban
1397 2181 130 26 society.

933 2208 49 20 See
1002 2208 131 26 WADDELL,
1155 2208 68 21 JACK
1263 2224 5 6 O.

893 2244 134 25 Amputees
1048 2246 48 19 and
1118 2245 82 20 their
1218 2245 183 25 prostheses.
1443 2246 48 21 See

927 2273 97 25 MITAL,
1047 2273 136 21 MOHINDER
1202 2275 27 20 A.

899 2307 185 27 Assignments
1106 2311 30 20 in
1156 2312 83 20 trial
1260 2312 147 25 practice.
1449 2314 48 20 See

934 2339 118 21 HARVARD
1072 2341 180 22 UNIVERSITY.
1294 2342 51 20 LAW
1363 2343 112 21 SCHOOL.

894 2373 166 25 Background
1082 2375 48 19 for
1149 2380 63 15 man.
1254 2375 48 19 See
1320 2375 149 27 DOLHINOW,

929 2403 116 20 PHYLLIS
1065 2403 60 21 JAY.

894 2431 99 26 Beyond
1012 2433 84 20 black
1117 2439 30 15 or
1165 2434 99 21 white:
1288 2440 31 15 an
1339 2436 152 21 alternate

926 2461 132 22 America.
1098 2464 48 20 See
1165 2464 99 27 DIXON,
1285 2465 104 20 VERNON
1407 2466 27 20 J.

895 2494 132 21 Colonial
1047 2496 130 20 America.
1219 2497 49 20 See
1288 2498 80 25 KATZ,
929 2525 119 21 STANLEY
1064 2527 46 25 N.,
1135 2526 44 20 ed.

894 2556 183 24 Comparative
1096 2558 203 25 perspectives
1321 2563 31 15 on
1374 2559 97 20 social

927 2586 181 25 psychology.
1148 2587 50 20 See
1217 2588 131 26 LAMBERT,
925 2615 120 20 WILLIAM
1061 2615 115 22 WILSON.

881 2647 166 25 Conceptual
1068 2649 131 24 physics:
1223 2653 16 14 a
1258 2653 50 15 new
915 2647 545 49 introduction
1001 2676 30 20 to
1050 2682 67 19 your
1138 2677 200 21 environment.
1378 2678 49 19 See

916 2705 113 25 HEWITT,
1054 2705 66 21 PAUL
1137 2706 29 20 G.

895 2739 168 26 Conformity
1082 2741 46 19 and
1152 2741 145 21 conflict.
1338 2742 50 19 See

929 2769 147 27 SPRADLEY,
1098 2771 84 19 JAMES
1202 2771 27 21 P.

1644 241 185 25 Confronting
1849 242 170 21 curriculum
2037 244 114 20 reform.
2192 243 48 21 See

1677 268 114 28 EISNER,
1814 270 102 20 ELLIOT
1933 270 46 27 W.,
2004 272 44 20 ed.

1637 308 117 20 Defense
1775 308 167 25 strategies
1963 309 50 20 for
2034 309 46 20 the
2101 310 164 21 seventies.

1671 336 49 21 See
1739 336 149 26 HALPERIN,
1910 337 103 21 MORTON
2030 339 29 20 H.

1645 368 15 19 A
1680 366 169 27 dictionary
1868 369 31 20 of
1919 365 147 32 literary,
2091 373 146 27 dramatic,

1679 396 48 20 and
1748 396 149 21 cinematic
1920 398 94 22 terms.
2055 402 49 20 See
2125 403 100 21 BARNET

1679 424 113 23 SYLVAN.

1646 453 153 27 Emphysema
1818 456 49 19 and
1887 456 117 21 chronic
2024 458 183 22 bronchitis.

1681 483 48 21 See
1749 485 166 26 BELINKOFF,
1938 486 130 22 STANTON.

1627 517 136 26 European
1781 518 150 24 politics:
1955 523 14 15 a
1991 521 112 19 reader.
2143 521 49 20 See

1661 546 99 27 DOGAN,
1781 547 116 20 MATTEI.

1655 574 101 27 Family
1775 576 30 20 in
1825 578 183 23 transition.
2048 582 49 20 See
2117 583 149 24 SKOLNICK.

1688 604 100 21 ARLENE
1807 605 29 23 S.

1643 635 181 26 Gynecology:
1847 638 168 21 essentials
2037 641 32 19 of
2089 641 132 22 clinical

1677 664 148 24 practice.
1865 667 46 20 See
1934 668 98 27 GREEN,
2053 671 100 20 THOMAS
2173 672 47 26 H.,
2244 674 43 21 JR.

1654 694 182 23 Instructors'
1873 701 101 19 manual
1995 702 49 21 for
2062 704 186 27 Assignments

1686 727 31 16 in
1737 723 81 22 trial
1839 728 149 27 practice,
2012 732 81 21 third
2115 735 117 21 edition
2251 739 16 18 &

1685 753 201 24 Supplemental
1907 758 151 23 materials
2080 762 48 20 for
1683 763 564 39 Assignments
1788 782 29 21 in
1838 783 82 22 trial
1941 788 148 27 practice,
2113 791 83 22 third

1685 809 128 24 edition.
1855 814 48 20 See
1923 816 80 27 HOWE,
2026 819 101 22 JOSEPH
2146 823 27 20 D.

1643 849 202 20 Instructor’s
1864 851 101 19 manual
1987 853 30 20 to
2037 858 154 21 accompany

1677 878 168 24 Conceptual
1863 879 133 27 physics,
2019 887 15 14 a
2054 887 48 15 new
1677 882 578 46 introduction
1762 908 30 19 to
1812 912 67 19 your
1900 909 197 22 environment.
2139 913 48 20 See

1676 936 112 27 HEWITT,
1813 937 67 20 PAUL
1897 939 28 20 G.

1646 972 200 21 Instructor’s
1865 974 101 19 manual
1988 976 30 19 to
2038 981 154 21 accompany
2209 977 50 21 The

1680 1001 200 26 sociological
1902 1004 183 27 experience,
2108 1006 100 21 second

1679 1030 129 21 edition.
1849 1032 49 19 See
1916 1032 117 27 MEDLEY,
2053 1035 102 20 MORRIS
2175 1037 28 19 L.

1641 1059 201 22 Instructor's
1861 1063 102 19 manual
1983 1064 32 20 to
2035 1070 154 21 accompany

1673 1089 49 20 Two
1742 1094 66 21 ways
1828 1090 32 19 of
1881 1091 112 26 seeing,
2018 1098 30 15 an
2070 1094 153 26 anthology

1676 1118 29 19 of
1724 1122 83 19 poems
1828 1119 47 20 and
1896 1120 201 26 photographs.
2138 1124 48 19 See

1673 1146 115 27 PINNEY,
1809 1147 103 21 WILSON
1931 1149 28 20 G.

1641 1181 32 19 An
1693 1181 203 22 introduction
1915 1183 32 19 to
1969 1183 181 28 literature,
2175 1186 130 25 fiction,

1673 1209 116 27 poetry,
1812 1210 97 21 drama.
1952 1212 47 21 See
2018 1213 114 27 BARNET,
1677 1238 110 22 SYLVAN.

1648 1274 169 22 Khrushchev
1839 1278 163 21 remembers.
2043 1280 48 21 See
2112 1282 183 21 KHRUSHCHEV.
1682 1303 101 21 NIKITA
1803 1304 198 24 SERGEYEVICH.

1646 1337 134 25 Learning
1800 1338 151 22 disorders
1974 1340 30 21 in
2024 1341 147 23 children.
2213 1344 48 21 See

1680 1366 148 29 TARNOPOL,
1852 1369 113 27 LESTER,
1990 1371 43 20 ed.

1640 1400 130 24 Liberty,
1794 1402 148 25 equality,
1965 1404 48 20 and
2035 1407 169 20 revolution
2223 1409 32 19 in

1673 1428 98 21 Alexis
1792 1429 32 20 de
1844 1431 199 25 Tocqueville.
2086 1436 47 19 See

1673 1456 130 28 ZEITLIN,
1827 1459 100 21 IRVING
1945 1461 30 21 M.

1631 1491 48 21 The
1699 1492 100 22 limits
1821 1494 30 19 of
1872 1496 133 21 coercive
2027 1498 165 26 diplomacy:

1665 1520 79 25 Laos,
1768 1522 79 25 Cuba,
1871 1523 131 22 Vietnam.
2044 1526 47 20 See
2112 1527 114 27 GEORGE,

1664 1549 155 23 ALEXANDER
1836 1553 28 21 L.

1641 1582 102 21 Manual
1763 1584 31 19 to
1816 1589 152 21 accompany
1986 1588 33 19 An
2038 1588 205 22 introduction

1678 1613 30 19 to
1729 1613 182 26 literature,
1936 1615 100 21 fourth
2056 1617 129 21 edition.

1678 1641 48 20 See
1745 1642 114 26 BARNET,
1883 1644 112 21 SYLVAN.

1638 1674 82 19 Peace
1739 1674 34 20 in
1790 1675 98 24 parts.
1929 1676 48 21 See
1997 1678 64 26 NYE,
2084 1679 102 21 JOSEPH
2203 1680 28 21 S.

1644 1710 133 22 Politics
1798 1712 31 20 in
1849 1713 113 21 France.
2006 1716 47 20 See
2073 1717 131 25 EHRMANN,
1678 1739 83 21 HENRY
1778 1741 29 21 W.

1644 1770 95 26 Power,
1762 1773 102 21 action
1883 1775 48 19 and
1952 1776 199 24 interaction:
1676 1781 565 46 readings
1762 1806 31 15 on
1814 1802 220 24 international
2054 1807 149 25 politics.

1677 1829 46 20 See
1745 1830 131 27 QUESTER,
1899 1833 101 21 GEORGE
2020 1836 45 25 H.,
2089 1837 44 21 ed.

1637 1858 98 26 Prague
1756 1860 147 21 notebook.
1945 1863 48 21 See
2014 1865 130 25 SALOMON,
1669 1888 113 23 MICHEL.

1628 1919 234 26 Progressivism,
1885 1921 49 20 the
1954 1922 136 21 critical
2110 1924 113 20 issues.

1662 1948 47 20 See
1728 1949 134 25 KENNEDY,
1885 1949 85 21 DAVID
1987 1952 47 25 M.,
2058 1952 44 20 ed.

1639 1976 149 25 Questions
1810 1978 31 19 of
1862 1978 133 22 rhetoric
2017 1981 46 19 and
2084 1986 97 20 usage.

1673 2005 46 20 See
1740 2006 148 26 ROTHWELL,
1911 2008 120 21 KENNETH
2050 2009 27 21 S.

1635 2039 153 25 Reasoning
1807 2041 49 19 and
1877 2042 147 21 research.
2066 2046 46 19 See
2133 2045 114 26 BATTEN,

1670 2068 102 21 THELMA
1789 2070 28 22 F.

1633 2101 101 21 School
1754 2103 115 21 reform:
1891 2106 66 23 past
1976 2107 48 19 and
2045 2109 131 23 present.

1668 2131 49 20 See
1736 2132 80 27 KATZ,
1838 2133 120 21 MICHAEL
1977 2137 45 25 B.,
2046 2137 44 19 ed.

1631 2166 15 19 A
1668 2164 79 21 short
1767 2165 84 24 guide
1871 2166 31 20 to
1922 2167 118 26 writing
2060 2169 82 20 about

1667 2192 180 22 literature.
1887 2195 50 20 See
1958 2196 113 27 BARNET,
2094 2198 113 21 SYLVAN.

1629 2224 50 19 The
1699 2224 203 25 sociological
1922 2226 182 25 experience.
2146 2229 48 18 See

1664 2252 114 27 MCNALL,
1801 2253 84 20 SCOTT
1905 2255 27 19 G.

1635 2287 49 20 The
1704 2288 203 26 sociological
1927 2293 200 25 perspective.
2168 2296 48 20 See

1669 2318 113 27 MCNALL,
1807 2318 83 21 SCOTT
1909 2321 46 25 G.,
1979 2322 44 20 ed.

1637 2350 49 20 The
1707 2350 152 26 sociology
1878 2353 31 19 of
1930 2354 197 26 occupations.
2170 2356 47 22 See

1670 2378 114 28 KRAUSE,
1808 2380 118 21 ELLIOTT
1944 2382 28 21 A.

1631 2411 82 20 State
1734 2413 47 20 and
1802 2414 84 19 urban
1905 2415 148 25 politics.
2095 2419 47 19 See

1664 2439 183 29 HOFFERBERT,
1871 2443 119 22 RICHARD
2010 2446 25 20 I.

1620 2473 114 20 Student
1755 2473 83 24 guide
1859 2474 31 19 to
1911 2480 152 21 accompany
2082 2478 49 19 Two
2149 2482 66 21 ways

1653 2500 32 21 of
1705 2503 112 24 seeing,
1842 2507 31 15 an
1893 2504 152 26 anthology
2065 2506 31 19 of
2115 2511 83 20 poems

1653 2529 46 20 and
1719 2529 200 26 photographs.
1962 2533 47 20 See
2029 2534 115 27 PINNEY,

1652 2558 100 21 WILSON
1772 2559 27 21 G.

1624 2592 49 20 Two
1690 2596 66 21 ways
1777 2592 33 20 of
1831 2592 112 25 seeing.
1985 2595 47 19 See
2053 2595 115 26 PINNEY,
1656 2620 102 21 WILSON
1777 2621 47 25 G.,
1847 2621 44 20 ed.

1630 2653 171 25 Untangling
1819 2653 49 20 the
1889 2654 64 19 cold
1973 2659 62 16 war:
2060 2660 15 14 a
2095 2654 135 26 strategy

1666 2682 48 20 for
1735 2682 116 24 testing
1872 2683 82 19 rival
1974 2684 148 20 theories.
2164 2683 47 21 See

1666 2710 113 27 GAMSON,
1801 2711 120 20 WILLIAM
1939 2712 28 20 A.

1614 2748 48 19 The
1683 2752 47 15 use
1751 2747 31 21 of
1802 2747 95 20 force:
1922 2747 218 21 international
1649 2748 579 49 politics
1734 2776 48 19 and
1802 2776 118 24 foreign
1939 2776 113 25 policy.
2094 2777 47 19 See
2161 2777 64 25 ART,

1648 2804 101 20 ROBERT
1767 2804 28 21 J.
