2907 3879
2549 151 71 29 3539

140 325 195 30 Committee,
363 325 160 30 employer
547 326 57 23 for
626 326 78 23 hire
731 326 37 23 of

138 359 711 64 Frederic W. Schroeder, Jr. © University of North Carolina at Chapel
140 427 94 30 Hill;
259 427 136 30 3Sep71;
424 422 154 34 A273589.

35 498 199 25 UNIVERSITY
257 500 38 22 OF
317 500 100 23 NORTH
441 499 157 25 CAROLINA
621 500 38 24 AT
685 501 120 24 CHAPEL

75 534 91 24 HILL.
218 534 156 23 CAROLINA
399 534 201 24 POPULATION
623 535 133 25 CENTER.

73 567 59 23 The
154 566 119 24 health
298 567 97 23 theme
419 567 37 23 in
479 567 119 30 family
619 568 176 30 planning.

115 600 57 23 See
196 600 113 30 OMRAN,
336 600 103 23 ABDEL
459 600 31 25 R.

73 644 19 23 A
115 641 260 31 psychological
397 640 161 30 approach
582 640 36 24 to
642 640 56 23 the

114 676 200 30 prediction
338 675 37 24 of
399 674 258 31 contraceptive

115 710 175 25 behavior.
338 711 55 23 See
419 709 258 30 KOTHANDAPANI,

113 746 216 24 VIRUPAKSHA.

35 824 198 25 UNIVERSITY
256 824 37 23 OF
316 823 101 24 NORTH
440 821 157 25 CAROLINA
620 821 38 24 AT
684 820 121 24 CHAPEL

76 862 91 23 HILL.
218 859 156 25 CAROLINA
399 858 201 24 POPULATION
623 857 133 24 CENTER.

76 896 55 22 See

75 928 281 24 EPIDEMOGRAPHIC
379 925 255 25 SURVEILLANCE:
662 925 19 23 A

116 962 193 25 SYMPOSIUM.

39 1026 202 25 UNIVERSITY
262 1026 37 25 OF
321 1026 101 25 NORTH
444 1025 161 26 CAROLINA
625 1026 41 26 AT
689 1026 121 26 CHAPEL

79 1059 94 26 HILL.
221 1059 181 24 EXTENSION
423 1060 175 24 DIVISION.

78 1094 138 23 Writers
239 1094 40 29 by
301 1094 196 30 moonlight,
526 1095 18 28 9.
608 1095 57 23 See

117 1128 157 31 WELLMAN,
300 1128 104 25 MANLY
422 1129 95 31 WADE,
547 1130 51 23 ed.

42 1200 201 24 UNIVERSITY
265 1200 37 22 OF
324 1199 101 23 NORTH
446 1197 159 23 CAROLINA
629 1197 40 22 AT
691 1196 122 22 CHAPEL

81 1234 93 25 HILL.
223 1232 182 24 EXTENSION
425 1231 175 24 DIVISION.
650 1229 122 25 BUREAU
796 1229 36 23 OF

83 1266 279 25 CORRESPONDENCE
386 1265 237 24 INSTRUCTION.

82 1301 139 29 History
244 1301 72 27 c13:
345 1299 140 25 Western
508 1297 243 25 civilization
774 1297 38 23 in

124 1335 55 24 the
204 1329 178 29 twentieth
407 1333 154 29 century;
590 1339 16 17 a
122 1337 627 62 correspondence
305 1373 117 19 course
447 1366 159 31 prepared
629 1366 39 29 by
692 1365 139 25 Barbara

124 1403 138 24 Brandon
286 1401 275 29 Schnorrenberg.
608 1401 39 27 37
671 1406 32 23 p.

164 1434 582 31 © University of North Carolina;
143 1471 114 30 1Aug71;
285 1465 154 34 A269845.

46 1547 201 25 UNIVERSITY
270 1547 37 24 OF
327 1547 101 24 NORTH
451 1546 158 24 CAROLINA
631 1545 40 24 AT
695 1545 120 24 CHAPEL

87 1582 92 25 HILL.
227 1582 180 24 INSTITUTE
432 1581 37 24 OF
490 1580 216 25 GOVERNMENT.

86 1616 55 25 The
165 1616 182 24 annotated
367 1615 183 29 Machinery
571 1614 58 23 act
654 1613 38 24 of
716 1613 78 29 1971.

126 1651 55 23 See
207 1651 115 30 LEWIS,
350 1650 99 24 HENRY
468 1650 34 24 W.

60 1685 57 23 The
140 1684 97 24 child
262 1685 97 24 abuse
384 1685 180 29 reporting
587 1685 59 24 law
667 1686 40 23 of
729 1685 93 29 1971:

99 1718 201 30 protecting
323 1718 159 24 children
504 1719 139 24 becomes
669 1725 15 18 a

100 1752 138 24 broader
261 1752 180 30 community
466 1753 295 29 responsibility.

101 1787 56 23 See
179 1787 135 31 THOMAS,
341 1787 102 24 MASON
463 1788 54 31 P.,
545 1788 52 24 JR.

43 1851 196 24 UNIVERSITY
263 1849 38 25 OF
322 1849 100 24 NORTH
447 1847 157 25 CAROLINA
628 1847 37 23 AT
691 1845 120 25 CHAPEL

82 1885 91 25 HILL.
224 1884 119 24 SCHOOL
363 1884 41 23 OF
428 1882 172 25 PHARMACY.

83 1919 76 25 Kids
189 1919 32 23 'n
243 1919 114 28 drugs.
407 1919 55 23 See
484 1916 137 28 BERIDW,
650 1915 156 23 LEONARD.

45 1990 199 23 UNIVERSITY
264 1990 38 22 OF
325 1990 99 22 NORTH
446 1989 160 23 CAROLINA
628 1989 40 22 AT
690 1989 121 22 CHAPEL

84 2024 92 23 HILL.
224 2023 203 24 UNIVERSITY
447 2022 180 24 EXTENSION
650 2020 176 24 DIVISION.

83 2058 118 23 BUREAU
224 2058 38 23 OF
284 2056 282 25 CORRESPONDENCE
591 2055 235 24 INSTRUCTION.

85 2092 139 29 History
245 2086 92 35 c143:
366 2090 197 30 Diplomatic
588 2090 144 28 history
754 2088 37 23 of

125 2126 55 23 the
203 2126 118 23 United
346 2125 134 28 States,
510 2118 193 34 1776-1914.

123 2160 17 23 A
165 2159 278 30 correspondence
469 2164 117 19 course
609 2157 161 30 prepared

124 2192 621 66 by Samuel F. Wells, Jr. 57 p. © University of North Carolina;
145 2263 112 29 1Aug71;
285 2257 155 33 A262670.

90 2303 139 29 History
250 2296 90 30 c144:
369 2300 200 30 Diplomatic
593 2299 143 29 history
757 2298 38 23 of

130 2336 53 24 the
209 2336 117 24 United
350 2335 134 29 States,
513 2328 76 34 1914
615 2334 37 23 to
676 2332 56 24 the

128 2370 153 30 present.
330 2368 159 34 Prepared
512 2369 41 28 by
574 2366 119 25 Samuel
716 2367 33 23 F.

128 2395 688 40 Wells, Jr. 65 p. © University of
130 2439 97 24 North
249 2438 175 29 Carolina;
455 2436 132 31 2Sep71;
614 2430 157 34 A282519.

51 2515 197 25 UNIVERSITY
270 2517 36 23 OF
331 2516 100 24 NORTH
453 2516 160 23 CAROLINA
636 2515 112 24 PRESS.

89 2550 58 23 The
170 2549 119 30 coming
311 2549 38 24 of
372 2555 58 24 age
453 2549 38 24 of
513 2548 161 25 American

129 2584 173 24 business.
351 2584 58 24 See
432 2583 176 30 DOUGLASS,
636 2582 120 24 ELISHA
779 2582 32 24 P.

94 2622 56 23 The
174 2623 177 24 economics
376 2623 39 24 of
437 2623 118 24 Soviet
135 2623 604 64 merchantshipping
315 2657 134 30 policy.
498 2658 57 23 See
577 2656 118 31 ATHAY,

134 2691 119 24 ROBERT
275 2692 34 24 E.

101 2731 77 25 Gift
202 2733 78 24 from
304 2733 55 24 the
383 2733 112 24 hills.
545 2733 57 23 See
624 2732 137 30 MORGAN,

140 2767 92 24 LUCY.

98 2800 58 23 How
179 2800 96 24 shall
300 2801 77 29 they
400 2801 80 23 hear
500 2800 141 23 without
664 2805 17 17 a

137 2834 178 29 preacher?
341 2834 56 24 the
421 2833 77 25 life
521 2834 40 24 of
583 2833 119 24 Ernest

138 2867 137 25 Fremont
298 2868 135 24 Tittle.
481 2868 58 24 See
560 2867 139 31 MILLER,

140 2902 116 24 ROBERT
277 2903 115 23 MOATS.

95 2934 94 25 James
214 2936 98 24 Blair
336 2936 37 24 of
393 2935 179 31 Virginia.
620 2936 57 22 See
702 2935 114 29 ROUSE,

137 2968 110 32 PARKE,
275 2970 53 24 JR.

99 3008 158 24 Location
278 3008 159 30 problems
465 3007 35 24 in
523 3006 118 25 Soviet
668 3005 159 28 Industry

140 3043 116 24 before
278 3043 101 24 World
399 3043 62 23 War
484 3042 50 24 II.
584 3041 58 24 See

140 3077 214 31 KOROPECKYJ,
385 3077 28 24 I.
443 3077 32 23 S.

85 3111 155 24 Medieval
264 3111 56 23 and
345 3112 219 23 Renaissance
590 3109 153 23 studies.

125 3146 56 22 See
205 3146 240 24 SOUTHEASTERN
470 3145 179 24 INSTITUTE
670 3143 38 24 OF
127 3143 644 61 MEDIEVAL
266 3180 59 24 AND
346 3179 222 25 RENAISSANCE
590 3177 157 30 STUDIES,

125 3214 75 29 5TH,
228 3208 90 34 1969.

98 3247 56 25 The
178 3250 155 29 politics
360 3252 37 23 of
419 3252 160 29 military
605 3251 199 24 revolution

140 3282 36 24 in
198 3284 111 24 Korea.
359 3286 56 23 See
440 3286 74 30 KIM,
541 3286 134 23 SE-JIN.

98 3315 135 31 Tragedy
257 3318 58 24 and
340 3318 89 25 fear:
459 3318 58 30 why
540 3318 120 24 modern
684 3317 117 29 tragic

138 3349 96 25 drama
258 3351 111 25 falls.
419 3352 57 24 See
499 3352 60 24 VON
580 3351 177 30 SZELISKI,

137 3384 92 25 JOHN.

63 3443 194 27 UNIVERSITY
280 3447 37 23 OF
338 3447 101 24 NORTH
461 3447 135 30 DAKOTA,
622 3447 100 24 GRAND

100 3478 112 27 FORKS.
258 3481 56 24 See

99 3513 116 25 ESSAYS
241 3516 37 23 ON
297 3516 141 24 WESTERN
461 3516 139 24 HISTORY
624 3516 36 23 IN
685 3514 97 25 HONOR

141 3549 36 23 OF
199 3550 98 25 ELWYN
320 3552 31 23 B.
380 3551 174 24 ROBINSON.

919 320 203 26 UNIVERSITY
1145 322 36 24 OF
1204 323 100 24 NOTRE
1324 323 96 26 DAME.

959 357 133 24 Aurora:
1124 358 158 23 research
1306 359 117 28 report
1448 359 118 23 number
1591 365 72 19 one.

1001 391 57 22 See
1083 392 113 29 HOLTZ,
1225 392 141 23 GREGORY
1386 393 33 23 M.

933 447 203 26 UNIVERSITY
1159 450 38 23 OF
1218 450 100 24 NOTRE
1340 451 81 24 DAME
1441 453 115 26 PRESS.

974 481 158 26 Conflict
1158 485 215 25 resolution:
1402 487 259 26 contributions

1015 516 37 24 of
1076 517 56 23 the
1158 518 199 25 behavioral
1382 521 174 26 sciences.
1604 524 57 23 See

1014 551 114 30 SMITH,
1157 552 140 25 CLAGETT
1318 555 55 29 G.,
1402 555 50 24 ed.

963 587 181 31 Democracy
1168 589 38 24 in
1230 591 132 24 crisis.
1412 593 56 23 See
1493 594 154 28 GOERNER,

1004 622 34 25 E.
1066 622 53 31 A.,
1148 623 51 24 ed.

963 666 239 30 Developments
1228 666 38 22 in
1286 664 198 25 mechanics.
1532 664 58 23 See
1002 664 669 60 MIDWESTERN
1165 699 181 25 MECHANICS
1371 699 215 29 CONFERENCE,
1614 697 93 30 12TH,

1001 735 204 24 UNIVERSITY
1230 735 38 22 OF
1287 733 101 24 NOTRE
1409 733 95 28 DAME,
1552 732 73 29 1971.

965 776 98 24 Ernst
1088 776 175 24 Cassirer:
1293 774 198 25 scientific
1514 774 181 29 knowledge

1008 811 56 23 and
1090 811 56 23 the
1171 809 137 30 concept
1333 809 38 24 of
1392 815 75 18 man.
1515 809 57 23 See

1008 845 155 30 ITZKOFF,
1190 845 141 23 SEYMOUR
1352 844 36 25 W.

967 878 217 32 Hispanismo,
1232 878 175 33 1898-1936.
1456 886 58 23 See
1537 887 93 29 PIKE,

1007 914 162 25 FREDRICK
1191 917 33 23 B.

962 952 19 23 A
1005 951 139 30 history
1169 952 37 24 of
1230 953 118 23 formal
1373 953 112 29 logic.
1533 954 56 23 See

1004 987 199 30 BOCHENSKI,
1230 988 30 24 I.
1288 989 33 23 M.

927 1050 204 24 UNIVERSITY
1153 1051 39 23 OF
1214 1050 175 31 OKLAHOMA,
1416 1050 134 25 NORMAN.

968 1085 122 23 BUREAU
1111 1086 59 23 FOR
1192 1086 159 23 BUSINESS
1376 1086 19 22 &
1417 1086 158 23 ECONOMIC

967 1119 163 24 RESEARCH

968 1154 58 23 The
1049 1154 221 30 performance
1295 1155 37 23 of
1356 1155 57 23 the
1435 1155 98 24 Texas
1008 1161 610 50 commercial
1173 1189 139 29 banking
1336 1190 134 28 system.
1518 1190 57 22 See

1011 1222 132 31 POWELL,
1172 1221 141 25 RICHARD
1332 1222 57 31 V.,
1418 1222 51 25 JR.

967 1256 18 25 A
1008 1258 180 29 practical
1213 1261 160 28 approach
1399 1260 34 24 to
1457 1261 180 30 analyzing
1662 1262 55 23 the

1009 1292 221 31 feasibility
1254 1294 37 23 of
1315 1300 16 17 a
1356 1294 198 25 commercial
1577 1296 94 23 bank.

1009 1325 57 25 See
1090 1327 115 31 HOMAN,
1232 1328 33 24 A.
1294 1329 34 24 G.

931 1393 203 26 UNIVERSITY
1155 1393 40 25 OF
1217 1392 161 25 OKLAHOMA
1402 1391 111 26 PRESS.

974 1429 79 24 Book
1075 1428 39 24 of
1137 1428 57 24 the
1218 1428 77 29 gods
1319 1427 59 24 and
1402 1427 96 23 rites
1522 1426 59 24 and
1603 1426 58 24 The

1014 1463 139 24 ancient
1178 1462 173 24 calendar.
1401 1462 56 23 See
1481 1461 114 30 DURAN,

1014 1498 115 30 DIEGO,
1157 1497 154 24 BROTHER.

967 1533 79 24 Born
1071 1533 113 23 sober:
1211 1532 222 30 prohibition
1455 1532 40 23 in
1519 1529 174 31 Oklahoma,

1009 1567 194 28 1907-1959.
1254 1566 56 24 See
1333 1566 177 30 FRANKLIN,
1537 1566 123 24 JIMMIE

1008 1601 116 25 LEWIS.

963 1643 57 23 The
1044 1640 159 25 cardinal
1227 1638 118 30 points
1370 1637 38 24 of
1432 1637 133 28 Borges.
1613 1635 58 22 See

1003 1676 136 28 DUNHAM,
1166 1673 134 25 LOWELL.

960 1713 121 29 Cherry
1103 1713 100 23 Creek
1226 1713 133 24 Gothic:
1388 1713 181 24 Victorian
1002 1714 687 57 architecture
1165 1747 38 23 in
1226 1748 134 23 Denver.
1410 1749 55 22 See
1489 1748 135 31 DALLAS,

1003 1782 134 24 SANDRA.

970 1823 97 24 Chief
1092 1823 116 23 Bowles
1233 1822 55 23 and
1313 1822 98 23 Texas
1436 1821 194 23 Cherokees.

1010 1858 57 23 See
1092 1857 134 30 CLARKE,
1252 1857 80 23 MARY
1354 1855 154 24 WHATLEY.

960 1896 141 24 Colonel
1124 1897 120 28 Morgsn
1266 1897 115 29 Jones,
1409 1896 98 29 grand
1530 1897 57 23 old
1610 1902 60 18 man

1002 1931 39 23 of
1062 1931 98 24 Texas
1187 1931 233 29 railroading.
1470 1932 56 23 See
1552 1931 133 31 SPENCE,

1000 1965 122 23 VERNON
1145 1965 154 24 GLADDEN.

972 2007 100 28 Dijon
1095 2007 58 23 and
1176 2007 58 22 the
1255 2006 120 23 Valois
1401 2005 95 22 dukes
1522 2005 38 23 of

1013 2040 177 30 Burgundy.
1238 2039 57 23 See
1319 2038 114 30 TYLER,
1458 2037 144 24 WILLIAM
1624 2038 32 24 R.

964 2086 138 25 Flashes
1127 2086 38 23 of
1187 2084 195 25 merriment.
1431 2083 57 24 See
1512 2083 94 30 LEVY,

1004 2120 120 25 LESTER
1148 2120 113 24 STERN.

975 2161 57 25 The
1056 2160 138 33 genesis
1220 2159 37 24 of
1279 2158 141 25 British
1442 2157 217 30 Egyptology,

1017 2188 193 36 1549-1906.
1260 2193 58 24 See
1341 2191 155 31 WORTHAM,
1524 2190 79 25 JOHN
1625 2190 116 24 DAVID.

972 2237 97 24 Heads
1092 2237 19 23 &
1134 2238 195 25 headlines.
1379 2240 57 23 See
1459 2241 115 30 STERN,

1012 2272 181 23 MADELEINE
1217 2273 30 24 B.

971 2313 119 24 Indian
1114 2313 154 29 oratory:
1297 2312 117 23 famous
1439 2313 157 28 speeches
1621 2312 38 28 by

1011 2347 99 24 noted
1135 2346 118 25 Indian
1277 2346 213 24 chieftains.
1539 2346 57 23 See

1009 2382 238 30 VANDERWERTH,
1274 2381 35 25 W.
1338 2382 31 23 C.

970 2423 120 28 Joseph
1113 2421 98 29 Story
1255 2421 37 23 and
1316 2420 57 24 the
1398 2421 158 22 American
1013 2419 624 60 Constitution.
1255 2455 58 23 See
1335 2454 195 30 MCCLELLAN,
1559 2453 111 24 JAMES.

963 2496 57 24 The
1044 2497 100 23 Kansa
1169 2495 152 24 Indiana.
1370 2494 57 24 See
1452 2494 113 30 UNRAU,

1003 2530 142 24 WILLIAM
1165 2530 34 23 E.

966 2573 59 23 The
1048 2572 135 24 Klowas.
1233 2571 57 24 See
1312 2570 156 30 MAYHALL,
1494 2570 141 23 MILDRED
1657 2570 32 23 P.

967 2615 142 24 Mission
1131 2618 100 24 among
1253 2613 58 24 the
1335 2612 194 24 Blackfeet.
1578 2611 57 23 See

1009 2649 136 30 HARROD,
1173 2648 120 24 HOWARD
1314 2648 35 24 L.

983 2686 238 31 Perspectives
1248 2684 36 24 in
1309 2683 55 24 the
1388 2682 139 28 history
1550 2679 38 25 of
1613 2679 136 23 science

1023 2722 58 23 and
1107 2719 212 28 technology.
1368 2716 58 24 See
1449 2714 135 30 ROLLER,

1023 2756 100 24 DUANE
1145 2754 30 24 H.
1206 2754 54 28 D.,
1289 2752 51 23 ed.

983 2792 115 23 Plains
1124 2791 118 23 Indian
1265 2790 58 22 art
1348 2789 79 23 from
1448 2788 76 24 Fort
1548 2788 137 23 Marion.

1021 2826 58 24 See
1105 2825 174 29 PETERSEN,
1308 2822 99 25 KAREN
1428 2821 154 25 DANIELS.

979 2860 259 25 Reminiscences
1264 2858 37 24 of
1325 2857 179 24 Alexander
1525 2858 155 28 Toponce.

1021 2895 56 23 See
1100 2893 156 30 TOPONCE,
1284 2892 192 24 ALEXANDER.

975 2939 56 25 The
1057 2939 78 23 Swan
1159 2937 77 25 Land
1259 2936 58 24 and
1342 2935 115 25 Cattle
1483 2936 154 26 Company,

1017 2974 73 23 Ltd.
1139 2972 54 24 See
1218 2970 239 29 MOTHERSHEAD,
1483 2968 119 24 HARMON
1624 2966 93 24 ROSS.

974 3021 157 28 Sylvanus
1155 3019 33 23 G.
1218 3016 120 29 Morely
1359 3015 59 23 and
1443 3014 54 23 the
1521 3011 96 25 world
1642 3010 39 24 of

1016 3054 56 24 the
1097 3051 137 25 ancient
1259 3050 112 28 Mayas.
1421 3047 56 23 See
1503 3043 194 29 BRUNHOUSE,

1016 3086 118 25 ROBERT
1158 3085 31 25 L.

979 3129 139 24 Theatre
1143 3127 58 24 for
1224 3125 159 24 children
1407 3123 37 24 in
1468 3122 54 24 the
1548 3120 117 25 United

1020 3162 133 24 States:
1183 3166 18 17 a
1224 3159 153 28 history.
1426 3157 56 23 See
1507 3154 175 28 MCCAGLIN,

1019 3196 135 25 NELLIE.

984 3232 78 25 This
1089 3233 34 22 is
1147 3236 59 19 our
1229 3230 112 24 world.
1390 3230 37 22 See
1470 3227 116 30 SEARS,
1615 3227 69 23 PAUL
1717 3226 30 24 B.

978 3270 132 24 Zhukov.
1159 3268 58 24 See
1241 3267 134 28 CHANEY,
1404 3265 77 23 OTTO
1507 3262 152 28 PRESTON,
1687 3262 52 24 JR.

938 3326 200 27 UNIVERSITY
1161 3325 40 25 OF
1222 3323 136 31 OREGON,
1385 3322 132 25 EUGENE.

979 3363 179 29 Catalogue
1181 3362 40 23 of
1243 3359 218 29 manuscripts
1488 3360 35 22 in
1550 3357 54 24 the
1022 3357 664 68 University
1182 3396 39 23 of
1243 3396 121 27 Orogon
1387 3393 151 27 Library,
1589 3392 56 22 fee

1022 3431 155 30 SCHMITT,
1203 3430 135 25 MARTIN,
1366 3432 91 24 comp.

953 3483 201 26 UNIVERSITY
1177 3483 38 24 OF
1237 3481 134 30 OREGON,
1400 3479 132 24 EUGENE.
1581 3478 118 24 CENTER

994 3519 39 24 OF
1055 3516 138 26 LEISURE
1216 3515 155 24 STUDIES.

993 3546 641 32 The next fifty years. See NEAL,
1036 3586 98 24 LARRY
1184 3601 26 12 L.,
1238 3583 52 24 ed.

1816 302 201 25 UNIVERSITY
2039 304 38 23 OF
2101 304 132 30 OREGON,
2261 305 134 25 EUGENE.
2444 305 141 23 COLLEGE
2610 305 36 23 OF

1856 338 159 24 BUSINESS
2038 338 297 25 ADMINISTRATION.
2382 339 123 23 FOREST

1856 372 199 24 INDUSTRIES
2077 372 204 24 MANAGEMENT
2303 373 132 24 CENTER.

1855 405 139 23 Coastal
2019 405 158 24 Plastics
2201 407 155 28 Company;
2383 405 202 30 developing
2609 412 16 17 a

1894 439 183 30 marketing
2101 440 155 29 strategy
2285 440 56 23 and
2364 440 80 30 plan
2466 439 58 24 for
2547 446 16 17 a

1895 473 138 30 plastic
2058 474 78 29 pipe
2159 474 256 24 manufacturer.
2466 474 158 29 Prepared

1896 508 37 28 by
1957 509 117 28 George
2099 509 32 24 K.
2160 508 135 30 Hoashi,
2325 509 98 29 Terry
2446 509 30 23 L.
2507 509 76 23 Lane

1895 543 19 22 &
1936 541 119 24 Ronald
2080 543 31 23 P.
2139 542 116 29 Werth,
2283 542 99 24 under
2405 542 56 24 the
1895 548 691 51 supervision
2040 575 36 24 of
2100 576 119 24 Stuart
2242 577 32 23 U.
2303 576 93 24 Rich.
2446 576 37 27 17
2532 594 6 6 l.

1937 605 660 35 © Stuart U. Rich; 15Sep71; A281155.
1849 649 144 24 Western
2014 648 118 24 Forest
2159 647 156 24 Products
2340 646 153 29 Company;

1896 650 685 59 corporate
2016 682 160 29 strategy
2198 682 56 23 and
2281 682 196 28 long-range

1893 718 162 29 planning
2077 717 38 23 of
2138 722 16 17 a
2179 716 117 23 forest
2321 714 136 30 product
1895 719 665 56 manufacturer.
2119 750 158 30 Prepared
2301 750 38 28 by
2362 748 116 25 Stuart
2501 748 33 23 U.

1893 782 623 28 Rich. 12 l. © Stuart U. Rich;
1896 820 153 29 15Sep71;
2077 813 154 34 A281156.

1828 884 204 25 UNIVERSITY
2053 885 39 23 OF
2115 885 135 30 OREGON,
2276 885 134 24 EUGENE.
2459 884 122 25 SCHOOL

1870 920 38 23 OF
1931 920 216 23 JOURNALISM.

1869 954 58 23 The
1951 954 98 29 magic
2072 954 143 29 writing
2236 954 155 23 machine.
2439 954 58 23 See

1908 988 138 25 DENNIS,
2072 987 162 24 EVERETTE
2255 988 56 24 E..
2339 988 51 23 ed.

1822 1054 202 23 UNIVERSITY
2047 1054 40 22 OF
2108 1052 257 31 PENNSYLVANIA,
2392 1052 257 25 PHILADELPHIA.

1863 1088 180 24 ECONOMICS
2066 1087 162 24 RESEARCH
2250 1087 95 25 UNIT.
2391 1087 58 23 See
2471 1086 143 23 WHARTON

1863 1122 121 23 SCHOOL
2007 1122 38 23 OF
2068 1122 139 23 FINANCE
2227 1121 19 23 &
2270 1121 176 30 COMMERCE,
1863 1120 709 60 PHILADELPHIA.
2067 1156 95 25 DEPT.
2190 1156 38 23 OF
2250 1155 196 24 ECONOMICS.

1863 1190 179 23 ECONOMICS
2067 1190 159 22 RESEARCH
2250 1189 95 24 UNIT.

1824 1256 203 25 UNIVERSITY
2049 1257 39 24 OF
2112 1257 255 31 PENNSYLVANIA,
1868 1258 688 58 PHILADELPHIA.
2009 1291 160 25 GRADUATE
2192 1293 120 23 SCHOOL
2334 1293 39 23 OF
2393 1293 195 24 EDUCATION.

1867 1326 57 23 See

1865 1360 160 23 ECONOMIC
2048 1360 140 23 ASPECTS
2213 1360 38 23 OF
2275 1360 115 24 PUBLIC
2414 1360 185 24 EDUCATION

1909 1394 39 23 IN
1969 1394 255 31 PENNSYLVANIA,
2253 1393 195 30 1970-1971.

1823 1456 204 26 UNIVERSITY
2049 1457 38 24 OF
2109 1455 257 33 PENNSYLVANIA,
1864 1455 628 62 PHILADELPHIA.
2067 1492 162 24 GRADUATE
2252 1492 121 24 SCHOOL
2394 1493 38 23 OF
1865 1491 687 60 EDUCATION.
2007 1526 120 24 CENTER
2151 1526 58 24 FOR
2233 1526 98 23 FIELD
2354 1526 154 24 STUDIES.

1863 1560 203 30 Appraising
2088 1560 58 24 and
2171 1560 180 30 improving
2375 1560 54 23 the
1907 1565 606 53 performance
2089 1594 39 24 of
2151 1594 118 24 school
2292 1593 280 24 administrative

1905 1628 197 29 personnel.
2150 1627 57 24 See
2232 1627 194 31 CASTETTER,

1904 1662 142 24 WILLIAM
2069 1663 31 23 B.

1820 1728 204 25 UNIVERSITY
2046 1728 37 24 OF
2106 1727 257 32 PENNSYLVANIA,
2391 1727 255 27 PHILADELPHIA.

1861 1763 100 25 HUMAN
1984 1763 178 24 RESOURCES
2188 1763 135 25 CENTER.

1862 1798 56 24 The
1944 1798 180 29 community
2148 1797 199 30 leadership
2372 1798 153 24 seminar:
2552 1802 17 18 a

1902 1832 118 30 report
2046 1837 37 18 on
2105 1836 18 17 a
2147 1831 404 30 university-community

1904 1866 96 30 joint
2024 1867 154 23 venture.
2230 1866 56 23 See
2311 1865 113 31 PERRY,
2451 1865 121 25 YVONNE
2594 1865 34 25 S.

1832 1939 202 24 UNIVERSITY
2059 1939 38 23 OF
2119 1938 258 30 PENNSYLVANIA,
2403 1938 255 24 PHILADELPHIA.

1875 1973 182 24 INSTITUTE
2080 1973 37 23 OF
2140 1972 239 24 CONTEMPORARY
2402 1972 76 24 ART.

1874 2006 139 28 Against
2040 2006 112 23 order:
2181 2007 117 21 chance
2323 2005 57 22 and
2403 2006 74 27 art;

1915 2039 162 24 November
2099 2034 34 27 14
2161 2039 39 22 to
2222 2038 159 24 December
2404 2037 54 29 22,
2485 2036 93 29 1970.

1915 2070 730 63 1 v. Appl. author: Robert Pincus-Witten. © Institute of Contemporary
1915 2140 75 29 Art,
2019 2139 201 28 University
2244 2139 37 23 of
2303 2138 257 29 Pennsylvania;

1916 2170 156 32 14Nov70;
2098 2166 155 34 A262582.

1856 2211 98 23 Allan
1977 2211 235 29 D'Arcsngelo;
2241 2211 195 29 psintings,
1898 2205 644 69 1963-1970.

2039 2245 56 24 See
2120 2245 236 30 D'ARCANGELO,
2384 2245 113 25 ALLAN.

1834 2304 201 26 UNIVERSITY
2058 2305 40 25 OF
2121 2306 255 33 PENNSYLVANIA,
2404 2308 254 26 PHILADELPHIA.

1874 2340 175 25 TRUSTEES.

1874 2375 58 23 The
1956 2375 121 23 Berlin
2101 2376 132 29 crisis,
2263 2372 191 33 1958-1962.
2506 2378 56 23 See

1917 2409 133 30 SCHICK,
2078 2410 80 23 JACK
2179 2410 32 23 M.

1862 2442 112 24 Burma:
2004 2443 159 28 Japanese
2187 2443 162 29 military
1902 2443 667 63 administration,
2026 2476 158 24 selected
2208 2477 194 29 documents,
2431 2472 193 34 1941-1945.

1902 2511 57 23 See
1983 2511 136 30 TRAGER,
2148 2512 99 23 FRANK
2269 2512 30 24 N.

1873 2552 118 23 Church
2017 2550 119 25 leader
2160 2551 36 23 in
2221 2551 55 22 the
2301 2549 133 24 cities:
2462 2549 141 24 William

1913 2586 159 29 Augustus
2097 2584 216 29 Muhlenberg.
2362 2584 55 23 See

1914 2620 156 29 SKARDON,
2096 2618 101 24 ALVIN
2218 2618 34 24 W.

1868 2651 240 29 Introductory
2130 2650 97 24 Hindi
2253 2651 171 28 readings.
2474 2651 57 23 See

1908 2685 132 29 BENDER,
2069 2684 133 24 ERNEST.

1863 2715 263 29 Judeo-Spanish
2148 2715 138 24 ballads
2312 2715 78 24 from
2413 2715 131 24 Bosnia.

1904 2749 57 24 See
1987 2749 195 29 ARMISTEAD,
2209 2748 121 24 SAMUEL
2352 2749 30 24 G.

1865 2787 59 23 The
1947 2787 101 28 Negro
2070 2786 37 24 in
2132 2787 56 22 the
2211 2787 179 28 drugstore
2416 2787 173 29 industry.

1908 2820 57 23 See
1988 2819 176 31 FLETCHER,
2192 2819 34 25 F.
2252 2819 134 25 MARION.

1867 2859 59 23 The
1951 2858 98 29 Negra
2075 2859 34 22 in
2134 2858 56 23 the
2215 2858 197 23 electrical
1913 2863 605 57 manufacturing

2116 2892 171 28 industry.
2358 2898 35 17 See
2519 2892 53 27 DUROELL,

1909 2925 161 25 THEODORE
2094 2925 30 25 V.

1865 2966 58 23 The
1948 2966 98 28 Negro
2071 2965 36 24 in
2133 2965 55 23 the
2212 2966 98 23 urban
2337 2965 132 24 transit

1909 2999 171 28 industry.
2130 2999 57 23 See
2211 2999 175 28 JEFERESS,
2416 2999 117 23 PHILIP
2555 2999 33 24 W.

1864 3044 197 24 Structural
2088 3045 157 30 analysis
2271 3047 39 23 of
2332 3046 77 24 oral
2434 3047 192 25 tradition.

1905 3079 56 24 See
1986 3079 154 29 MARANPA,
2172 3080 129 25 PIERRE.

1855 3122 18 23 The
1940 3121 176 24 student's
2142 3121 200 24 Hindl-Urdu
2366 3121 178 24 reference

1897 3155 134 23 manual.
2082 3156 56 22 See
2163 3155 215 26 SOUTHWORTH.
2406 3156 160 23 FRANKLIN
2589 3156 31 23 C.

1832 3226 202 27 UNIVERSITY
2057 3228 39 25 OF
2119 3228 255 29 PENNSYLVANIA,

1957 3263 171 26 PHILADFLPHTA.
2179 3264 173 28 TRUSTIES.

1876 3296 56 24 See

1877 3331 95 24 NEGRO
2160 3332 37 24 EMPLOYMENT
2225 3332 35 24 IN
2295 3333 66 24 LAND
2381 3333 60 25 AND
2462 3334 59 24 AIR

1915 3365 194 25 TRANSPORT.

1833 3441 198 25 UNIVERSITY
2053 3443 39 24 OF
2116 3444 238 28 PENNSYLVANIA
2378 3447 113 31 PRESS,
2521 3449 70 26 INC.

1870 3475 57 23 The
1954 3476 76 24 four
2056 3478 93 22 faces
2176 3479 37 23 of
2235 3485 73 19 man.
2357 3481 56 23 See

1999 3528 5 9 Lieb,
2036 3511 96 24 IRWIN
2180 3530 6 7 C.
