2350 3308
94 120 43 24 104

84 251 112 25 BARBER,
219 251 67 19 HUGH
306 250 26 20 R.
357 250 27 20 K.

117 278 99 26 Septic
238 278 83 21 shock
339 278 34 20 in
392 278 168 21 obstetrics
580 277 49 21 and
151 282 564 50 gynecology,

288 308 33 24 by
340 306 67 26 Hugh
425 307 28 21 R.
477 307 27 20 K.
530 306 100 21 Barber
648 308 16 18 &

151 336 98 20 Edward
270 336 29 20 A.
323 335 113 21 Graber.
478 334 199 26 Springfield,
701 334 79 26 Ill.,

151 359 577 30 C. C. Thomas. 76 p. © Charles C.
151 393 114 25 Thomas,
289 392 164 26 Publisher;
477 388 114 30 6May71;
614 387 131 26 A242843.

81 456 115 26 BARBER,
218 456 63 21 RAY.

115 485 49 21 The
184 485 100 21 little
305 485 147 21 disaster.
493 486 49 20 See
561 486 133 26 ROMBOLA,

150 514 80 21 JOHN.

118 552 47 20 The
186 553 116 24 longest
324 553 116 27 journey
461 554 33 21 in
512 556 49 20 the
579 557 99 21 world.

151 581 49 21 See
218 582 117 25 MORRIS,
356 583 120 21 WILLIAM
495 584 131 23 BARRETT.

86 634 113 24 BARBER,
223 634 60 20 RED.

120 661 47 21 The
186 661 217 22 broadcasters.
444 663 52 20 New
513 663 80 25 York,
616 663 66 20 Dial

154 690 490 28 Press. 271 p. © Red Barber;
154 719 116 25 25Jan71
295 716 45 31 (in
359 720 112 21 notice:
497 717 95 31 1970);
616 716 130 29 A212043.

119 757 49 20 For
187 757 83 20 other
291 758 98 21 titles
409 759 67 20 with
496 760 221 27 handlettering

154 785 29 25 by
203 786 49 25 Ray
273 787 101 20 Barber
408 789 49 19 See
477 789 114 28 MARTIN,
616 791 78 26 BILL,
718 792 45 22 JR.

86 849 114 26 BARBER,
223 850 132 21 RICHARD.
395 851 49 20 See

121 879 148 26 PLANNING,
292 880 200 26 DEVELOPMENT,
514 881 50 21 AND
585 881 112 21 CHANGE:
719 882 15 19 A

154 908 205 22 BIBLIOGRAPHY
378 910 32 20 ON
428 910 188 21 DEVELOPMENT
155 910 563 50 ADMINISTRATION.

98 1008 114 25 BARBER,
234 1007 133 21 ROWLAND.

131 1036 48 20 The
198 1036 202 25 midnighters.
441 1037 49 20 New
509 1037 80 26 York,
613 1037 83 21 Crown

168 1065 181 22 Publishers.
387 1061 52 30 304
457 1071 28 21 p.
526 1066 85 21 Based
629 1071 33 16 on

166 1094 48 21 the
233 1095 118 20 memoirs
372 1095 33 21 of
422 1095 103 20 Martin
543 1096 85 20 Allen
646 1095 147 22 Ribakoff.

199 1120 545 30 © Roland Barber; 20May70; A217454.
83 1182 114 28 BARBER,
220 1185 134 21 SOTIRIOS
373 1185 28 22 A.
442 1187 48 20 See

117 1212 202 23 INTRODUCTION
337 1214 35 21 TO
391 1215 117 21 PROBLEM
527 1216 119 22 SOLVING
664 1218 33 20 IN

151 1242 152 21 POLITICAL
321 1244 131 22 SCIENCE.

98 1290 149 26 BARBERIS,
269 1290 113 22 PIERRE.

131 1319 101 21 Balzac
252 1320 32 19 et
304 1319 31 20 le
353 1318 52 21 mal
425 1319 32 20 du
477 1318 113 24 siecle;
167 1318 581 50 contribution

252 1353 14 14 a
286 1352 49 15 une
354 1347 187 25 physiologie
563 1347 32 20 du
612 1346 81 21 monde

165 1376 133 25 moderne,
323 1376 60 20 1-2.
428 1372 110 28 [Paris]
562 1375 164 21 Gallimard.

166 1404 15 21 2
201 1410 28 15 v.
275 1400 214 31 (Bibliotheque
511 1405 47 20 des
579 1400 98 30 idees)

166 1434 47 20 NM:
235 1438 52 16 new
305 1434 65 20 text
389 1434 17 20 &
425 1433 186 25 compilation
629 1433 34 20 of
682 1433 94 20 texts.

200 1461 475 25 © Editions Gallimard; 10Nov70;
167 1488 165 26 AF0-63950.

75 1533 135 23 BARBER'S
228 1535 98 21 PRESS.

109 1566 118 25 Styling
247 1567 98 24 longer
364 1566 66 21 hair
451 1567 48 20 for
518 1572 64 15 men.
623 1567 48 21 See

144 1593 114 26 CARLOW,
280 1594 63 20 JOE.

82 1659 149 24 BARBIZET,
253 1657 130 24 JACQUES.

118 1690 84 18 Human
219 1690 101 21 memory
340 1685 48 21 and
409 1685 48 20 its
477 1683 164 27 pathology.

151 1714 169 23 Translated
341 1714 33 25 by
392 1715 27 20 D.
442 1714 29 20 K.
494 1712 130 22 Jardine.
665 1712 51 20 San

153 1735 528 32 Francisco, W. H. Freeman. 198 p.
185 1765 476 30 © W. H. Freeman & Co.; 8Oct70;
153 1797 130 28 A223389.

74 1864 133 27 BARBOSA,
227 1866 131 20 ANTHONY.

108 1894 84 25 Major
211 1894 83 21 black
312 1894 133 21 writers.
485 1894 47 20 See
551 1894 117 26 MURRAY,

142 1924 80 21 ALMA.

72 1989 131 26 BARBOUR,
225 1989 69 20 ALAN
312 1989 27 20 G.

107 2018 131 25 Karloff,
260 2017 35 25 by
311 2016 69 23 Alan
399 2017 26 20 G.
449 2016 131 23 Barbour,
602 2015 85 21 Alvin
705 2016 28 19 H.

141 2047 101 20 Marill
261 2046 17 21 &
291 2046 87 21 .James
397 2044 101 22 Robert
519 2043 112 21 Parish.

143 2077 14 20 1
175 2081 29 16 v.
244 2075 46 22 NM:
314 2074 186 26 compilation
519 2073 31 20 of
569 2072 83 21 movie
673 2072 112 23 stills).

178 2098 419 30 © Cinefax; 7Apr69; A220412.
75 2172 120 20 BARBOUR
218 2169 148 29 (CLIFFORD
384 2171 46 30 E.)
453 2174 131 27 LIBRARY,

111 2201 182 22 PITTSBURGH.
333 2202 49 20 See
401 2203 136 21 CLIFFORD
554 2204 30 21 E.
607 2204 118 20 BARBOUR

111 2230 131 25 LIBRARY,
265 2230 182 22 PITTSBURGH.

77 2283 130 27 BARBOUR,
232 2284 49 20 IAN
300 2284 26 21 G.

111 2311 117 21 Science
248 2311 47 21 and
318 2311 181 26 secularity;
521 2312 49 20 the
591 2312 99 20 ethics

145 2340 32 20 of
196 2340 182 26 technology.
421 2340 46 21 1st
488 2340 44 21 ed.
574 2341 49 19 New
642 2340 80 25 York,

145 2368 524 26 Harper & Row. 151 p. © Ian G.
146 2397 130 25 Barbour;
300 2397 114 26 2Sep70;
437 2392 130 30 A233850.

74 2451 131 27 BARBOUR,
226 2452 85 20 ROGER
327 2452 134 22 WILLIAM.

106 2481 17 19 A
142 2481 82 25 guide
244 2481 32 21 to
294 2481 49 21 the
361 2481 187 21 wildflowers
569 2482 47 20 and
638 2482 81 20 ferns

142 2511 30 19 of
193 2511 147 24 Kentucky.
381 2510 47 20 See
447 2511 134 25 WHARTON,
602 2511 67 20 MARY

141 2539 131 21 EUGENIA.

82 2618 97 26 BARCA,
202 2617 83 20 PEDRO
306 2616 133 20 CALDERON
459 2616 32 19 DE
511 2616 42 19 LA.
595 2615 48 18 See

117 2645 135 21 CALDERON
270 2645 33 20 DE
322 2644 32 20 LA
372 2643 98 26 BARCA,
492 2642 96 21 PEDRO.

71 2722 184 25 BARCELLONA,
277 2721 85 21 WAYNE
380 2721 114 21 JOSEPH.

107 2750 99 21 Effect
228 2750 30 20 of
279 2749 131 21 ascorbic
432 2749 64 20 acid
519 2753 31 15 on
568 2748 48 21 the
637 2748 66 20 cell

141 2778 82 26 cycle
246 2778 30 20 of
295 2778 48 20 the
364 2781 49 21 egg
434 2777 31 20 of
483 2777 48 20 the
552 2781 50 16 sea
621 2776 100 22 urchin

141 2806 305 25 Strongylocentrotus
465 2805 182 25 purpuratus.
687 2804 50 22 Ann

141 2835 98 24 Arbor,
261 2833 169 25 University
448 2833 168 21 Microfilms
636 2833 118 25 Library

142 2863 133 21 Services
299 2859 94 30 (7701)
431 2861 165 21 Microfilm.
142 2858 559 54 (Doctoral

244 2887 492 30 dissertation series) © Wayne
142 2920 100 25 Joseph
261 2919 183 24 Barcellona;
466 2918 132 25 31Mar71;
619 2913 131 29 A240564.

822 239 131 26 BARCLAY,
975 240 103 20 ANDREW
1094 240 30 21 M.

856 268 164 27 Sexuality:
1044 273 15 16 a
1079 268 100 21 search
1198 268 49 22 for
1267 269 201 25 perspective.

890 299 47 20 See
959 298 132 26 GRUMMON,
1112 299 101 20 DONALD
1231 299 29 20 L.

826 347 130 27 BARCLAY,
979 348 104 21 ANDREW
1098 349 30 21 M.
1169 348 48 21 See

860 379 49 20 HOW
928 379 32 19 TO
979 379 32 19 DO
1030 379 15 19 A
1065 379 182 21 UNIVERSITY.

848 432 131 27 BARCLAY,
1003 434 147 22 DRUMMOND.

881 461 187 24 Magnificent
1087 464 235 27 Vandergelders;
1345 474 13 13 a
1381 470 96 26 story,

917 490 169 27 screenplay
1103 492 50 21 and
1174 494 170 25 production
1361 498 97 25 guide.

915 519 48 19 Los
982 519 134 27 Angeles,
1139 522 164 24 Capricorn.
1344 525 31 24 71
1396 532 27 19 p.

949 548 577 33 © Capricorn, Ltd.; 16Jun71; A247311.
825 614 131 26 BARCLAY,
979 615 119 21 HARTLEY
1116 617 29 21 W.

857 642 49 20 The
927 648 119 20 company
1064 646 168 21 conference
1253 648 136 27 planning

893 676 130 20 program.
1063 673 168 26 Management
1253 676 135 22 Research

893 700 164 28 Institute,
1080 702 168 25 Foundation
1268 708 102 26 Survey
1388 710 114 26 System.

891 729 97 22 Sheet.
1026 731 82 25 Appl.
1133 732 97 21 states
1251 739 81 20 prev.
1355 737 62 23 pub.

893 758 30 20 in
943 754 79 29 1945.
1063 761 45 19 NM:
1133 762 164 25 revisions,
1320 765 200 28 compilation,

891 787 168 24 abridgment
1077 789 15 18 &
1114 789 167 22 additional
1304 793 78 21 text.

925 814 442 29 © Hartley W. Barclay; 1May71;
888 843 132 24 A231303.

830 905 118 21 BARCLAY
967 905 96 23 HOUSE.

863 935 118 20 Another
1002 936 97 20 incest
1122 937 112 25 report,
1258 937 101 26 family
1379 943 65 21 swap

896 968 97 20 games.
1035 964 48 20 See
1104 964 131 27 SCHMIDT,
1257 966 114 22 ARTHUR.

867 1001 171 26 Bestiality
1055 1002 120 21 between
1194 1003 137 22 children
1351 1005 46 20 and
1418 1005 85 21 their

901 1031 80 24 pets.
1024 1033 47 19 See
1091 1032 98 27 NOBLE,
1211 1033 114 22 HAROLD.

864 1079 97 21 Candid
983 1084 49 16 sex
1050 1079 153 21 histories
1223 1080 32 20 of
1274 1081 134 21 husbands
1429 1081 50 21 who

899 1114 77 19 swap.
1017 1109 49 20 See
1085 1109 99 25 WOLIN,
1205 1110 67 20 MARK
1292 1110 27 21 S.

858 1154 97 22 Candid
977 1160 49 16 sex
1044 1156 152 21 histories
1217 1157 33 20 of
1268 1158 83 20 wives
1371 1159 51 20 who
1442 1163 78 21 swap.

890 1184 48 20 See
959 1185 132 26 HALCOMB,
1114 1186 79 20 RUTH.

857 1217 17 21 A
892 1218 97 20 candid
1013 1223 49 16 sex
1081 1219 100 25 report
1201 1224 33 16 on
1253 1220 66 21 anal
1338 1221 114 26 orgies.

891 1246 48 20 See
960 1247 114 27 HADLEY,
1095 1247 121 21 WILLIAM
1235 1249 28 20 H.

858 1291 15 21 A
894 1292 98 20 candid
1014 1297 48 16 sex
1081 1290 101 27 report
1202 1297 32 16 on
1253 1293 66 20 oral
1337 1293 150 22 husbands.

893 1322 47 19 See
961 1322 80 25 REID,
1063 1322 80 21 DICK.

862 1358 16 19 A
900 1357 95 21 candid
1019 1364 48 17 sex
1087 1363 99 24 report
1207 1368 32 16 on
1258 1369 85 17 women
1361 1367 50 20 who

899 1387 98 20 seduce
1018 1389 78 25 boys.
1139 1392 47 19 See
1207 1392 131 27 OSTROFF,
1361 1396 131 23 ROBERTA.

855 1419 15 20 A
890 1420 100 21 candid
1012 1425 49 16 sex
1080 1422 99 25 report
1201 1426 31 16 on
1250 1427 86 21 young
1354 1424 82 25 girls
1456 1424 51 20 who

891 1450 99 20 seduce
1012 1449 83 21 older
1112 1455 63 16 men.
1216 1452 49 20 See
1285 1452 80 26 GEIS,

890 1477 119 21 RICHARD
1027 1480 29 20 E.

861 1524 17 21 A
898 1526 99 20 candid
1019 1526 82 25 study
1120 1526 33 21 of
1172 1526 66 20 anal
1259 1531 147 20 swappers.
1447 1527 49 20 See

899 1555 113 26 LOONEY,
1036 1555 78 21 PETE.

861 1589 15 21 A
897 1592 134 23 close-up
1051 1591 84 25 study
1153 1591 33 20 of
1206 1592 48 19 the
897 1592 510 47 brother-sister

1017 1624 146 21 swappers.
1206 1620 47 20 See
1274 1620 164 26 STAPLETON,

894 1648 133 20 DOUGLAS.

860 1676 14 19 A
894 1677 136 20 cultural
1048 1677 153 25 appraisal
1221 1678 31 20 of
1273 1682 50 16 sex
1339 1678 67 20 with

894 1705 131 20 animals.
1066 1705 49 21 See
1134 1706 133 25 PRESTON,
1289 1706 97 21 HARRY.

859 1740 50 19 The
928 1740 169 21 definitive
1118 1742 99 24 report
1238 1747 32 15 on
1290 1747 48 15 sex
1358 1742 46 21 and
1426 1743 49 20 the

895 1769 134 26 swinging
1049 1770 164 25 secretary.
1255 1771 48 20 See
1323 1771 114 22 SIMONS.

893 1798 62 21 DAN.

866 1829 167 22 Documented
1055 1836 99 23 report
1175 1837 99 21 on-the
1296 1839 99 21 incest

901 1858 111 22 lovers.
1055 1862 47 20 See
1123 1864 96 25 WHITE,
1244 1867 94 22 STEVE.

865 1890 34 19 An
919 1890 134 26 in-depth
1073 1897 48 15 sex
1141 1895 99 23 report
1261 1900 32 14 on
1313 1896 65 19 oral
1396 1896 114 21 nieces.

901 1918 46 19 See
967 1919 99 26 WOLIN,
1087 1921 71 19 MARK
1175 1921 27 21 S.

855 1952 49 20 The
925 1954 99 20 inside
1046 1956 83 24 story
1148 1957 32 19 of
1199 1957 48 19 the
1268 1958 116 25 teenage
1405 1960 65 24 girl

891 1983 47 19 and
959 1984 84 19 older
1060 1990 63 15 men.
1165 1986 48 20 See
1233 1987 97 25 FLYNN,
1354 1989 62 20 JOE.

860 2019 65 19 More
945 2019 65 19 anal
1030 2020 97 21 wives.
1169 2020 48 20 See
1236 2021 97 23 NOBLE,
1357 2021 113 21 HAROLD.

859 2055 67 20 More
947 2057 100 25 family
1067 2063 48 16 sex
1134 2064 96 20 games.
1273 2061 47 20 See
1340 2062 80 24 REID,

893 2085 80 21 DICK.

850 2120 65 21 More
934 2122 49 20 hot
1002 2124 84 19 mouth
1105 2125 115 25 people.
1262 2127 47 19 See
1330 2127 131 24 HALCOMB,

884 2150 79 21 RUTH.

863 2184 65 19 More
951 2185 98 20 incest
1071 2187 112 20 lovers.
1224 2188 46 19 See
1292 2189 64 24 FEY,
1379 2190 112 20 JEREMY.

866 2217 65 20 More
953 2218 63 19 oral
1037 2219 95 19 wives.
1174 2219 48 20 See
1244 2220 95 25 PRICE,
1362 2220 78 21 MIMI.

865 2250 65 20 More
951 2253 99 24 people
1070 2254 50 20 who
1138 2255 66 20 have
1226 2261 48 15 sex
1292 2258 68 20 with
1379 2260 116 20 animals

900 2279 47 20 See
967 2280 114 27 HOWARD,
1104 2283 113 22 ROBERT.

855 2310 66 19 More
943 2316 48 15 sex
1011 2317 145 21 swappers.
1198 2317 47 19 See
1265 2318 118 21 DEMARCO

890 2339 112 22 JOANNE.

861 2379 188 27 More—young
1069 2383 81 24 girls
1169 2384 50 20 who
1240 2385 99 20 seduce
1359 2386 84 20 older

896 2414 62 15 men.
1000 2410 48 20 See
1067 2411 130 28 HALCOMB,
1221 2414 79 20 RUTH.

857 2444 15 20 A
892 2449 49 15 new
961 2446 96 19 candid
1081 2447 65 20 look
1165 2449 66 19 into
1251 2450 66 19 oral
1338 2450 128 21 sisters.

893 2472 47 20 See
961 2474 129 26 SCHMIDT,
1113 2477 113 21 ARTHUR.

864 2511 50 20 New
933 2518 64 15 case
1019 2515 114 22 studies
1155 2519 31 19 of
1206 2521 118 20 analism
1343 2527 83 21 among

898 2541 47 19 the
965 2547 79 19 poor.
1087 2545 46 20 See
1154 2547 129 28 PRESTON,
1307 2551 95 22 HARRY.

860 2578 51 18 New
930 2582 64 16 case
1016 2578 114 21 studies
1152 2580 31 19 of
1203 2581 118 20 analism
1340 2586 83 20 among

895 2606 48 20 the
964 2607 78 20 rich.
1084 2609 47 19 See
1151 2609 131 27 PRESTON,
1305 2611 95 20 HARRY.

857 2646 50 19 New
927 2651 65 15 case
1013 2648 114 21 studies
1149 2651 30 19 of
1199 2652 99 20 incest
1320 2658 82 20 among
1422 2655 48 20 the

892 2676 77 19 rich.
1012 2677 47 20 See
1079 2679 97 26 NOBLE,
1200 2681 112 21 HAROLD.

856 2714 49 19 New
925 2718 65 15 case
1012 2715 114 20 studies
1148 2717 30 19 of
1198 2719 118 20 oralism
1336 2721 31 19 in
1388 2722 47 19 the

891 2741 112 26 family.
1044 2745 48 20 See
1114 2746 128 27 PRESTON,
1267 2749 97 22 HARRY.

850 2787 15 21 A
884 2793 49 15 new
953 2788 167 20 documented
1142 2789 98 24 report
1260 2793 33 16 on
1311 2788 49 21 the
1381 2793 49 16 sex

885 2821 147 21 swappers.
1072 2816 49 21 See
1139 2817 98 26 NOBLE,
1260 2817 114 21 HAROLD.

856 2858 15 20 A
891 2862 49 16 new
960 2858 116 26 insight
1097 2860 65 20 into
1180 2862 102 24 people
1301 2863 50 20 who
1369 2864 67 20 have

893 2890 47 16 sex
959 2887 67 20 with
1045 2888 129 21 animals.
1216 2890 47 20 See
1286 2891 78 26 HOLT,
1388 2892 95 22 GLENN.

1608 227 15 20 A
1642 233 50 15 new
1712 229 132 20 intimate
1867 228 66 21 look
1953 230 30 19 at
2005 231 65 20 anal
2091 232 112 20 lovers.

1642 258 47 19 See
1712 258 165 27 CROWCROFT,
1901 259 96 21 PETER.

1616 298 51 21 New
1686 299 169 21 reflection
1874 304 33 15 on
1926 299 66 21 five
2013 300 81 21 faces
2115 300 33 21 of

1651 327 113 21 incest.
1806 327 48 22 See
1873 328 133 27 DEMARCO,
2029 328 114 23 JOANNE.

1627 363 15 20 A
1661 367 50 16 new
1731 368 49 16 sex
1799 367 100 23 report
1919 371 32 16 on
1971 368 66 20 anal
2056 369 96 22 wives.
2195 372 47 21 See

1663 392 112 27 STRUNK,
1798 393 112 23 GORDON.

1630 434 15 20 A
1664 440 52 17 new
1735 440 49 16 sex
1804 438 99 24 report
1924 442 32 17 on
1976 439 64 21 oral
2059 440 132 22 mothers.

1665 465 47 19 See
1733 465 132 27 DEMARCO,
1889 468 113 21 JOANNE.

1614 496 51 20 New
1685 500 48 16 sex
1754 497 115 20 studies
1890 498 33 20 of
1942 499 65 20 oral
2029 499 164 25 daughters.

1651 526 46 19 See
1717 526 99 26 PYLES,
1838 526 97 22 DANNY.

1611 559 16 19 A
1648 559 151 25 revealing
1821 566 48 15 sex
1890 564 97 22 report
2009 569 31 15 on
2061 566 63 19 anal
2146 566 130 24 sisters.

1647 588 48 19 See
1717 587 163 28 STAPLETON,
1905 590 130 24 DOUGLAS.

1617 612 153 27 Revealing
1790 619 49 17 sex
1859 617 116 20 studies
1997 620 31 18 of
2048 621 65 20 anal

1652 642 164 26 daughters.
1859 646 47 20 See
1928 648 113 27 STRUNK,
2064 650 113 23 GORDON.

1608 678 49 20 Sex
1677 678 63 21 acts
1761 678 119 21 between
1899 681 101 24 people
2020 682 49 20 and
2088 683 131 22 animals.

1643 707 46 19 See
1711 707 96 27 WOLIN,
1829 709 68 20 MARK
1918 711 27 20 S.

1615 747 48 20 Sex
1684 748 118 19 between
1819 752 52 16 men
1890 749 48 19 and
1957 753 83 21 young
2060 749 98 24 girls.
2199 751 48 20 See

1650 776 165 26 STAPLETON,
1836 776 133 22 DOUGLAS.

1615 817 48 19 Sex
1683 817 118 20 between
1819 818 101 25 people
1941 820 46 19 and
2011 820 129 22 animals.
2182 823 47 19 See

1648 846 98 26 BACON,
1769 846 67 20 JOHN
1856 848 26 20 B.

1614 883 47 19 Sex
1680 883 118 20 between
1816 887 101 24 people
1939 888 47 19 and
2008 887 83 22 their
2110 890 79 25 pets.

1647 912 47 19 See
1716 912 112 27 STRUNK,
1853 914 111 23 GORDON.

1623 956 48 19 Sex
1690 956 118 20 between
1827 956 49 21 the
1896 962 119 20 younger
2036 960 46 18 and
2104 960 48 20 the

1655 984 96 20 older.
1794 984 48 20 See
1863 985 113 27 STRUNK,
2000 986 112 22 GORDON.

1618 1014 50 22 Sex
1686 1017 118 19 between
1824 1022 118 22 younger
1961 1019 67 26 boys
2049 1021 47 20 and
2117 1022 84 21 older

1652 1050 97 17 women.
1791 1047 47 19 See
1860 1047 147 27 ATKINSON,
2031 1050 96 22 TERRY.

1610 1085 49 20 Sex
1680 1085 117 22 between
1816 1088 135 22 teachers
1973 1091 47 20 and
2041 1092 85 21 their
1645 1094 549 41 students.

1783 1117 48 19 See
1850 1118 132 27 DEMARCO,
2006 1121 114 22 JOANNE.

1621 1153 50 20 Sex
1690 1155 98 23 report
1810 1160 31 14 on
1861 1156 48 21 hot
1928 1158 87 21 mouth
2032 1161 115 24 people.

1656 1182 47 20 See
1723 1183 97 27 DANCH,
1843 1185 80 22 BILL.

1620 1215 50 20 The
1692 1220 47 16 sex
1761 1218 114 20 secrets
1898 1218 32 20 of
1949 1218 48 21 the
2016 1219 136 25 pedigree

1656 1244 114 22 lovers.
1812 1246 46 20 See
1878 1246 116 27 KANTER,
2018 1248 129 22 RICHARD.

1621 1287 63 25 Swap
1706 1289 148 21 senorita.
1896 1292 46 18 See
1963 1292 113 28 PRUITT,
2100 1294 96 23 KATHY.

1587 1364 132 25 BARCLAY,
1743 1363 131 22 LILLIAN.

1622 1392 170 20 Functional
1810 1392 132 25 English:
1967 1399 14 14 a
2001 1393 152 20 refresher
2172 1397 115 17 course.

1656 1420 64 21 Rev.
1758 1420 116 26 Austin,
1897 1420 218 25 Steck-Vaughn.
2155 1415 47 26 144
2221 1425 31 21 p.

1738 1448 466 27 Appl. authors: Lillian Barclay &
1656 1477 548 26 Steck-Vaughn Co. © Steck-Vaughn
1656 1507 62 25 Co.;
1743 1506 113 25 9Jun71;
1879 1502 132 28 A248551.

1573 1574 132 26 BARCLAY,
1727 1573 101 21 THOMAS
1848 1574 29 20 S.

1606 1605 67 20 Oral
1695 1604 115 24 history
1833 1602 151 21 interview
2000 1601 72 21 with
2088 1601 46 21 Dr.

1641 1633 101 21 Thomas
1762 1634 28 20 S.
1814 1633 131 23 Barclay.
1986 1632 48 19 See
2056 1630 97 26 HENLE,

1641 1663 133 21 RAYMOND.

1571 1711 132 26 BARCLAY,
1726 1713 131 22 WILLIAM.

1606 1739 185 23 Meditations
1813 1748 32 14 on
1865 1746 221 27 communicating
2106 1748 47 20 the

1641 1770 112 24 Gospel.
1796 1772 46 19 The
1862 1774 85 24 Upper
1965 1775 80 21 Room.
2087 1773 32 23 64
2138 1783 28 20 p.

1640 1798 82 20 First
1743 1801 61 23 pub.
1830 1799 65 26 1968
1913 1804 85 20 under
2018 1804 48 21 the
2087 1806 81 21 title

1639 1827 221 28 Communicating
1882 1832 45 18 the
1949 1833 113 25 Gospel.
2102 1834 46 21 NM:

1639 1856 474 31 foreword. © The Upper Room;
1641 1884 128 25 19Apr71;
1790 1884 133 26 A234178.

1574 1954 79 26 BARD,
1676 1954 85 21 ALLEN
1780 1954 28 21 J.
1849 1954 48 20 See

1608 1983 292 22 ELECTROANALYTICAL
1918 1982 165 21 CHEMISTRY.

1566 2039 81 27 BARD,
1670 2039 100 21 GEORGE
1791 2041 164 20 INGERSOLL.

1601 2069 119 23 Library
1738 2069 82 20 books
1843 2069 46 19 for
1911 2068 147 25 children;
2082 2073 32 15 an
2134 2068 133 25 analysis

1636 2097 83 24 using
1740 2097 132 26 specific
1894 2097 99 21 social
2014 2097 116 21 studies

1636 2127 98 20 themes
1758 2126 29 19 in
1807 2126 47 21 the
1877 2126 180 21 curriculum.
2099 2127 49 19 Ann

1636 2154 95 25 Arbor,
1755 2155 171 24 University
1945 2154 167 21 Microfilms

1636 2183 117 24 Library
1774 2183 133 21 Services
1933 2179 92 31 (6824)
2063 2181 166 22 Microfilm.

1640 2208 147 30 (Doctoral
1808 2211 203 21 dissertation
2031 2207 115 29 series)

1669 2239 526 25 © George Ingersoll Bard; 31Mar71;
1635 2265 131 27 A240498.

1570 2335 80 28 BARD,
1672 2339 121 23 WILLIAM
1808 2342 30 21 E.

1605 2367 117 27 Burning
1742 2371 113 24 embers,
1879 2373 32 23 by
1927 2373 30 21 W.
1980 2375 28 20 E.
2033 2375 79 22 Bard.
2152 2372 33 28 58
2205 2384 26 18 p.

1670 2397 561 34 © William E. Bard; 1Nov70; A241439.
1571 2465 131 25 BARDENS,
1726 2466 112 20 DENNIS.

1605 2494 168 25 Mysterious
1794 2493 114 21 worlds:
1932 2498 15 16 a
1966 2493 135 26 personal
1641 2493 562 54 investigation

1794 2522 33 21 of
1847 2522 48 21 the
1911 2522 100 24 weird,
2035 2522 48 20 the
2102 2526 132 20 uncanny,

1640 2552 47 20 and
1708 2552 48 19 the
1776 2551 199 24 unexplained.
2018 2550 48 21 1st
2086 2550 44 21 ed.

1642 2582 47 19 New
1708 2581 80 23 York,
1812 2581 99 19 Cowles
1931 2580 68 21 Book
2016 2580 46 21 Co.
2104 2579 45 24 239
2172 2584 26 20 p.

1674 2607 540 26 © Dennis Bardens; 5Oct70; A212011.
1579 2676 96 24 BARDET,
1699 2677 66 19 JEAN
1785 2674 114 22 GASTON.

1596 2703 31 19 Le
1649 2704 99 18 tresor
1770 2704 97 17 secret
1889 2701 165 22 d'Ishrael.
2094 2701 96 24 Paris,

1630 2731 29 21 R.
1681 2731 133 20 Laffont.
1856 2726 48 28 469
1924 2735 27 19 p.
1995 2726 62 28 (Les
2075 2730 119 24 Enigmes

1630 2759 32 20 de
1683 2755 165 29 l'univers)
1887 2759 46 20 NM:
1956 2763 51 16 new
2026 2760 65 19 text
2109 2758 17 19 &
1632 2759 597 47 compilation

1752 2785 476 23 of texts. © Editions Robert
1630 2812 132 28 Laffont,
1784 2815 80 24 S.A.;
1888 2815 131 24 30Dec70;
2111 2811 97 28 AF0-64579.

1570 2880 136 21 BARDGETT
1725 2881 95 21 PRINT.
1841 2881 17 21 &
1878 2881 62 21 PUB.
1964 2881 44 21 CO.

1603 2908 50 21 The
1672 2908 85 21 Black
1775 2909 83 20 Hills
1878 2910 32 18 of
1930 2909 83 21 South
2032 2909 113 21 Dakota.
2186 2910 48 20 See

1638 2939 130 26 GOODSON,
1792 2939 68 21 ROSE
1875 2940 81 20 MARY.
