2363 3342
140 176 45 25 646

182 333 51 20 The
251 334 132 24 politics
405 335 29 18 of
456 334 180 22 ecosuicide.
678 337 47 19 See

217 362 80 27 ROOS,
321 363 99 21 LESLIE
439 364 45 26 L.,
506 364 63 26 JR.,
593 364 43 21 ed.

183 396 49 20 The
250 397 134 25 politics
405 398 32 20 of
457 399 100 20 social
575 399 112 26 change.
729 402 48 21 See

219 426 77 27 GELB,
321 428 94 21 JOYCE.

185 456 117 26 Popular
322 457 183 25 gardening's
527 458 132 26 complete
220 459 560 52 gardening
288 486 92 24 guide.
424 487 47 20 See
491 487 95 25 FRESE,
610 488 66 20 PAUL
696 490 25 19 F.

181 521 151 21 Portfolio
349 521 182 24 management:
556 520 185 21 theoretical

215 550 47 20 and
284 550 149 25 empirical
454 550 115 20 studies
590 550 30 20 of
639 550 152 24 portfolio

215 578 133 21 decision
366 578 115 24 making.
521 578 48 19 See
589 578 96 26 SMITH,
214 607 85 21 KEITH
315 609 29 19 V.

175 639 182 21 Precalculus
378 638 116 25 algebra
516 637 45 20 and
585 636 215 26 trigonometry.

208 667 49 22 See
277 668 130 25 CLEAVER,
429 666 85 21 FRANK
533 667 28 20 L.

170 700 132 21 Premiere
323 702 94 24 etape.
458 701 48 21 See
526 701 80 25 COTE,
630 703 151 24 DOMINIQUE
800 703 26 21 G.

175 740 15 20 A
208 740 117 26 preview
346 740 31 18 of
396 741 100 18 German
516 738 180 21 literature.
738 739 46 19 See

208 769 182 25 WASHINGTON,
414 767 133 21 LAWRENCE
566 768 28 19 M.

172 800 131 21 Primeros
326 806 91 20 pasos.
460 802 47 20 See
528 802 130 27 LAGRONE,
206 829 118 21 GREGORY
341 830 25 21 G.

181 862 184 25 Probability
385 863 47 18 and
454 862 179 22 statistics.
675 864 48 19 See

213 890 131 27 EDWARDS,
364 891 86 21 ALLEN
468 891 28 21 L.

175 922 18 20 A
210 927 119 21 program
347 924 31 20 in
399 925 202 25 contemporary
620 927 129 24 algebra.

211 952 48 20 See
281 953 112 26 HEIMER,
413 953 87 21 RALPH
516 955 29 20 T.

173 981 166 26 Programmed
359 982 149 25 practice:
530 982 119 20 written
668 987 119 20 grammar

209 1011 99 20 review
327 1011 31 19 in
377 1010 99 21 French
497 1011 17 19 &
531 1010 83 21 Table
634 1012 33 18 of
208 1013 526 47 contents
311 1041 15 18 &
345 1043 101 16 answer
462 1039 51 24 key
532 1039 49 19 for
601 1039 165 26 Programmed

207 1068 148 25 practice:
377 1068 119 20 written
515 1072 119 21 grammar
654 1069 98 20 review

209 1097 32 20 in
259 1098 113 19 French.
413 1097 49 21 See
479 1097 98 26 BONDS,
601 1096 113 23 ARTHUR.

175 1127 185 26 Programming
380 1128 47 20 the
448 1128 50 21 IBM
515 1124 183 32 System/360.
739 1130 48 19 See

208 1155 165 28 STEINHART,
395 1157 102 20 ROBERT
516 1157 28 20 F.

175 1186 98 22 Public
295 1187 116 24 opinion
430 1186 47 20 and
498 1185 149 26 politics:
670 1191 15 14 a
705 1186 111 19 reader.

209 1216 48 21 See
278 1216 112 26 CROTTY,
411 1216 120 20 WILLIAM
551 1216 26 19 J.

176 1248 49 19 The
246 1249 145 21 Puritans.
433 1250 48 20 See
502 1250 113 27 LASSER,
637 1253 121 20 MICHAEL
776 1254 26 20 L.

173 1280 50 20 The
243 1280 117 25 quality
379 1280 32 19 of
430 1279 182 20 television:
636 1284 15 14 a
671 1284 99 15 source

209 1309 95 20 theme.
345 1309 47 19 See
413 1308 113 25 STUBBS,
550 1307 83 21 SUSAN
653 1308 112 20 LITTLE.

170 1335 151 24 Questions
341 1337 32 20 of
392 1338 148 22 rhetoric.
580 1339 48 20 See
648 1342 115 25 JORDAN,
206 1364 66 21 JOHN
289 1366 47 25 E.,
359 1366 44 21 ed.

162 1397 49 20 The
232 1399 148 20 rationale
401 1399 32 21 of
453 1400 47 20 the
521 1405 93 21 essay:
639 1406 15 15 a
675 1403 101 19 reader

197 1427 50 20 for
264 1428 130 20 writers.
434 1428 49 21 See
502 1429 149 27 CHANDLER,
672 1431 97 20 ALICE.

181 1456 15 20 A
218 1458 115 26 reading
353 1461 249 27 apprenticeship.
645 1466 46 20 See

216 1486 130 29 BRITTIN,
369 1489 102 22 NORMAN
489 1491 26 21 A.

177 1526 133 26 Readings
332 1528 30 20 in
383 1528 79 20 child
483 1529 199 26 development.
724 1534 47 19 See

210 1556 166 27 MUNSINGER,
399 1558 95 26 HARRY,
519 1559 43 19 ed.

179 1586 134 26 Readings
335 1589 30 18 in
385 1591 81 19 sales
485 1593 182 23 management.
709 1595 47 19 See

212 1616 133 27 WOTRUBA,
366 1619 100 21 THOMAS
484 1621 29 19 R.

178 1648 133 25 Readings
332 1649 31 19 in
384 1648 166 20 statistics
572 1649 49 20 for
640 1650 47 19 the
211 1648 528 50 behavioral
367 1676 162 21 scientist.
571 1677 47 21 See
639 1678 113 26 STEGER,

212 1706 102 20 JOSEPH
331 1707 44 24 A.,
400 1706 44 20 ed.

175 1739 148 26 Readings:
343 1739 153 26 marketing
516 1740 47 19 and
585 1740 129 25 society.
755 1741 47 20 See

208 1768 80 27 GIST,
311 1768 99 21 RONALD
429 1769 46 24 R.,
499 1769 43 19 ed.

170 1801 187 25 Reliability
378 1799 146 21 handbook.
565 1799 47 20 See
634 1799 113 24 KOZLOV,
207 1830 27 20 B.
257 1829 29 21 A.

178 1860 119 25 Requiem
317 1861 48 19 for
384 1861 163 22 democracy.
588 1858 48 21 See
655 1859 133 25 ANDREWS,

214 1888 82 21 LEWIS
316 1890 26 19 M.

171 1920 66 21 Rise
258 1921 31 19 of
309 1921 47 19 the
375 1919 135 24 Habsburg
529 1917 113 26 Empire,
667 1913 151 28 1526-1815.

207 1950 47 20 See
274 1949 131 26 MAMATEY,
424 1948 104 21 VICTOR
547 1947 27 20 S.

182 1982 99 20 Rumbos
303 1983 30 19 de
352 1984 111 23 Espana.
506 1983 47 19 See
574 1984 77 25 PENA,

217 2010 116 21 HILARIO
353 2011 25 21 S.

180 2036 83 21 Sales
281 2038 181 24 management:
485 2038 149 27 planning,
213 2043 528 48 accomplishment
384 2067 47 19 and
453 2067 178 21 evaluation.
673 2069 49 19 See

212 2094 131 27 WOTRUBA,
366 2095 99 21 THOMAS
485 2096 28 20 R.

185 2120 100 22 Sartor
305 2123 131 19 resartus
454 2123 17 19 &
493 2124 131 21 selected
643 2131 96 19 prose.

220 2150 47 21 See
288 2151 128 26 CARLYLE,
439 2152 112 21 THOMAS.

174 2188 117 21 Science
312 2189 30 20 in
362 2189 129 21 America.
532 2190 47 20 See
600 2190 131 28 BURNHAM,
209 2218 67 21 JOHN
295 2219 44 24 C.,
363 2219 43 20 ed.

188 2248 101 21 Search
308 2249 49 21 for
373 2250 132 22 America.
546 2253 48 19 See
614 2255 114 25 BROOKS,

223 2277 150 22 CHARLOTTE
392 2280 27 20 K.

172 2305 98 22 Search
291 2308 47 19 for
357 2307 130 22 America.
529 2310 47 19 See
597 2311 112 26 BROUDY,
733 2313 77 21 ERIC.

175 2346 99 20 Search
295 2346 48 19 for
362 2346 83 19 human
462 2344 233 24 understanding.

209 2377 48 20 See
276 2376 129 26 MERBAUM,
427 2375 131 21 MICHAEL.

171 2404 132 25 Segundos
323 2410 95 20 pasos,
443 2405 132 19 cuaderno
596 2404 30 20 de
647 2404 179 25 ejercicios.

204 2433 48 20 See
271 2433 129 25 LAGRONE,
424 2433 117 20 GREGORY
561 2433 25 20 G.

171 2464 133 26 Segundos
323 2469 82 21 pasos
426 2465 118 24 testing
562 2470 131 21 program.
733 2467 49 19 See

206 2493 130 27 LAGRONE,
358 2494 117 21 GREGORY
494 2495 28 19 G.

180 2523 132 21 Selected
334 2524 169 26 Canterbury
521 2525 96 20 tales.
657 2527 47 19 See

214 2552 130 27 CHAUCER,
366 2553 148 21 GEOFFREY.

175 2582 49 19 The
245 2583 96 23 shapes
363 2581 31 20 of
416 2581 127 19 fiction.
586 2580 47 20 See
652 2580 97 25 GROSS,

211 2610 128 20 EEVERLY.

174 2644 30 20 Si
225 2650 32 15 on
277 2644 145 21 ecrivait.
463 2644 48 20 See
531 2643 183 27 LANGELLIER,
208 2672 96 22 ALICE.

177 2705 82 25 Sight
280 2704 93 21 lines.
414 2704 49 20 See
482 2704 132 26 FELLOWS,
635 2704 114 20 KAYDEE.

171 2740 81 25 Sight
273 2740 93 21 lines.
409 2740 47 20 See
477 2739 146 26 FLANIGAN,
647 2739 119 21 MICHAEL
784 2740 26 21 C.

176 2771 83 26 Silly
278 2772 81 20 Goose
380 2771 46 19 and
450 2769 48 19 the
516 2767 148 26 holidays.
706 2767 47 19 See

207 2800 116 26 MARTIN,
345 2799 80 26 BILL,
448 2798 44 21 JR.

172 2830 100 21 Social
293 2833 147 22 processes
461 2828 46 19 and
531 2827 98 20 social
650 2826 180 20 structures.

207 2859 47 20 See
275 2859 96 24 SCOTT,
392 2858 28 19 W.
442 2856 132 21 RICHARD.

176 2887 101 22 Social
298 2888 115 20 science
432 2888 32 18 in
484 2887 47 19 the
553 2886 129 21 schools.
723 2887 48 20 See

211 2916 182 27 MORRISSETT,
416 2917 112 20 IRVING.

918 291 150 21 Solutions
1086 291 103 21 manual
1207 291 50 19 for
1276 290 117 25 College

951 322 147 25 geometry.
1139 322 49 19 See
1206 320 65 25 KAY,
1291 320 85 20 DAVID
1397 321 26 19 C.

920 352 149 21 Solutions
1089 354 100 19 manual
1210 352 48 21 for
1277 352 133 21 Electric
956 352 524 51 circuits.
1090 382 48 19 See
1158 381 130 26 JOHNSON,
1312 382 27 19 J.
1363 382 130 21 RICHARD.

919 414 147 21 Solutions
1088 417 100 18 manual
1209 415 48 20 for
1279 416 80 19 Plane
954 416 576 54 trigonometry,
1038 444 80 20 third
1140 444 130 21 edition.
1311 445 48 19 See
1377 447 115 25 RICKEY,

953 471 84 21 FRANK
1053 471 28 22 A.

920 504 148 21 Solutions
1087 505 102 20 manual
1209 505 47 20 for
1277 505 181 22 Statistics:

953 533 196 26 probability,
1174 534 163 25 inference,
1361 535 46 20 and

953 562 145 21 decision.
1139 563 47 20 See
1206 563 81 25 HAYS,
1308 564 119 21 WILLIAM
1447 567 26 19 L.

912 600 97 21 Sounds
1031 601 12 20 I
1064 601 148 20 remember.
1252 600 48 20 See
1319 600 116 27 MARTIN,
945 629 79 27 BILL,
1047 630 45 21 JR.

914 658 48 20 The
982 659 99 21 Soviet
1101 660 180 25 experience,
1307 665 115 16 success
1442 667 33 15 or

949 687 127 21 failure.
1118 690 48 20 See
1186 689 114 27 BROWER,
1321 691 103 21 DANIEL
1443 693 45 25 R.,
1511 693 44 19 ed.

916 720 130 25 Spanish,
1070 726 15 14 a
1105 720 81 20 basic
1207 725 113 16 course.
1360 721 48 20 See
1429 722 97 26 NOBLE,

951 748 111 22 JUDITH.

915 776 15 22 A
951 779 99 26 spooky
1070 781 94 25 story.
1205 780 48 20 See
1272 780 116 29 MARTIN,
1411 782 78 28 BILL,
1514 783 43 23 JR.

917 811 184 22 Statistical
1122 815 248 26 thermodynamics.
1412 821 48 19 See

951 842 78 26 TIEN,
1054 844 81 20 CHANG
1156 845 25 21 L.

919 874 167 22 Statistics
1106 878 47 19 and
1175 878 214 21 econometrics.
1431 881 48 19 See

951 904 97 27 FRANK,
1071 905 117 21 CHARLES
1207 906 46 25 R.,
1275 907 45 20 JR.

924 935 179 23 Statistics:
1128 940 199 25 probability,
1351 942 164 28 inference,

958 965 46 20 and
1025 966 147 21 decision.
1213 968 48 20 See
1280 969 81 26 HAYS,
1384 973 120 21 WILLIAM
1521 975 27 20 L.

915 1002 114 21 Stories
1050 1004 65 20 that
1136 1005 93 19 count.
1272 1005 48 19 See
1339 1006 132 27 ROECKER,

948 1032 117 21 WILLIAM
1083 1035 45 25 A.,
1153 1033 44 21 ed.

914 1064 166 26 Strategies
1101 1067 32 20 in
1151 1069 165 21 criticism.
1357 1071 48 22 See

948 1093 147 27 SIMONSON,
1117 1097 101 20 HAROLD
1238 1098 27 20 P.

910 1126 114 22 Studies
1047 1129 30 19 in
1097 1129 168 24 linguistic
1286 1131 163 21 semantics.
1491 1132 48 21 See

945 1156 146 28 FILLMORE,
1115 1156 115 23 CHARLES
1251 1159 28 21 J.

911 1188 115 22 Studies
1049 1191 30 20 in
1098 1192 82 20 short
1201 1193 129 22 fiction:
1355 1196 64 21 five
1440 1198 82 21 short

945 1218 97 21 novels
1064 1221 46 19 and
1134 1221 182 26 twenty-five
1338 1225 128 22 stories.

944 1246 48 20 See
1012 1249 113 26 HUGHES,
1148 1250 116 21 DOUGLAS
1284 1252 46 25 A.,
1354 1254 44 20 ed.

911 1278 115 22 Studies
1047 1281 32 19 in
1098 1282 48 20 the
1167 1282 81 21 short
1269 1283 96 25 story.
1405 1287 49 20 See

945 1308 94 27 SCOTT,
1061 1311 114 26 VIRGIL,
1200 1311 44 21 ed.

914 1339 84 25 Study
1016 1340 81 24 guide
1120 1341 48 19 for
1186 1338 272 32 Ausubel/Robinson

948 1368 98 21 School
1068 1369 147 26 learning,
1238 1373 32 16 an
1290 1370 202 22 introduction

949 1396 31 19 to
1000 1397 183 21 educational
1203 1398 182 26 psychology.
1426 1402 48 19 See

946 1426 148 27 ROBINSON,
1118 1427 84 21 FLOYD
1220 1428 28 20 G.

915 1452 84 26 Study
1016 1453 82 25 guide
1119 1455 50 20 for
1186 1455 131 21 Eastman:
1340 1456 119 22 General

949 1481 162 27 chemistry:
1137 1484 167 23 experiment
1323 1485 50 20 and
1393 1486 112 26 theory.

948 1509 49 21 See
1015 1511 114 26 GALLUP,
1152 1512 101 20 DONALD
1270 1513 28 21 W.

913 1540 83 26 Study
1013 1543 82 24 guide
1117 1544 47 20 for
1184 1546 112 21 Easton:
1322 1548 50 19 The
1391 1550 133 25 heritage

946 1570 32 19 of
996 1572 117 21 Western
1133 1573 202 23 civilization
1355 1577 31 21 to
1407 1579 46 21 1715

946 1599 47 20 See
1012 1600 112 27 ANGLIN,
1149 1602 49 20 JAY
1218 1604 26 21 P.

915 1631 183 25 Suggestions
1120 1633 47 21 for
1188 1635 132 20 teachers
1340 1636 32 20 of
948 1636 577 45 Introduction
1033 1662 31 19 to
1084 1662 181 27 literature,
1289 1664 82 20 fifth
1391 1667 130 20 edition.

947 1689 48 20 See
1014 1692 164 26 DICKINSON,
1203 1693 66 21 LEON
1288 1694 27 21 T.

914 1720 183 26 Suggestions
1119 1725 48 19 for
1188 1725 46 20 the
1256 1726 116 21 teacher
1393 1729 30 19 to
947 1732 581 44 accompany
1032 1752 48 20 The
1102 1753 97 25 shapes
1221 1754 31 20 of
1272 1754 129 23 fiction:
1426 1762 66 21 open

948 1779 50 21 and
1016 1781 112 21 closed.
1169 1782 47 21 See
1236 1783 98 26 GROSS,
1356 1785 131 23 BEVERLY.

907 1812 163 22 TANSTAAFL:
1094 1815 82 21 There
1197 1817 81 20 ain't
1298 1823 32 14 no
1350 1820 66 20 such
1437 1822 83 25 thing

941 1845 30 15 as
993 1847 15 14 a
1026 1843 64 20 free
1112 1843 94 22 lunch.
1246 1846 49 20 See
1315 1848 97 25 DOLAN,
940 1870 84 21 EDWIN
1042 1873 28 20 G.

911 1894 457 30 Tatty Mae & Catty Mae. See
944 1922 113 29 MARTIN,
1080 1927 80 26 BILL,
1182 1928 44 22 JR.

911 1958 134 27 Teaching
1064 1962 82 23 guide
1168 1963 31 18 to
1217 1967 152 22 accompany
1388 1967 134 20 Chemical

947 1990 132 20 reaction
1097 1992 180 22 mechanisms.
1319 1994 48 20 See
1387 1996 97 25 FLECK,

945 2017 100 22 GEORGE
1063 2020 27 20 M.

906 2047 152 21 Technical
1077 2051 130 24 writing.
1248 2051 49 20 See
1315 2053 98 26 MILLS,

941 2077 98 22 GORDON
1061 2081 26 19 H.

909 2110 48 19 Ten
976 2110 99 22 little
1097 2114 163 23 squirrels.
1300 2115 48 19 See
1367 2116 116 27 MARTIN,

943 2139 78 27 BILL,
1044 2142 45 20 JR.

910 2171 67 20 Test
996 2173 100 20 manual
1115 2175 51 19 for
1182 2176 114 20 Easton:
1319 2177 48 19 The
1386 2179 137 25 heritage

945 2200 32 20 of
997 2202 46 19 the
1062 2204 81 23 past:
1167 2204 132 20 earliest
1319 2206 82 21 times
1423 2208 30 20 to

945 2230 79 27 1500,
1047 2232 80 20 third
1149 2233 129 21 edition.
1319 2235 48 20 See
1385 2237 116 24 ANGLIN,

943 2258 51 21 JAY
1012 2260 27 20 P.

908 2291 83 20 Tests
1012 2292 48 20 for
1077 2293 103 19 Modern
1199 2292 65 20 life
1285 2293 128 21 science.
1456 2295 47 19 See

942 2320 199 27 FITZPATRICK,
1164 2321 154 20 FREDERICK
1336 2322 26 19 L.

895 2352 100 26 Topics
1015 2353 32 20 in
1064 2354 102 19 modern
1184 2352 186 20 mathematics
1391 2353 49 19 for

930 2381 146 20 teachers.
1118 2381 47 20 See
1186 2380 164 26 PERESSINI,
1373 2381 119 21 ANTHONY
1511 2381 27 20 L.

912 2407 100 21 Toward
1031 2410 185 20 accountable
1237 2410 144 22 teachers:
1407 2412 83 21 their

946 2437 149 24 appraisal
1116 2439 49 19 and
1185 2438 197 27 improvement.
1422 2442 49 19 See

943 2465 115 26 MCNEIL,
1081 2466 67 20 JOHN
1166 2467 28 20 D.

903 2494 118 21 Trailer
1038 2496 148 24 handbook,
1211 2496 78 24 1971.
1329 2497 48 21 See
1396 2500 98 25 BEHME,

937 2523 113 21 ROBERT.

906 2551 134 26 Training
1059 2553 134 21 creative
1213 2554 146 25 thinking.
1399 2558 48 19 See

940 2581 96 26 DAVIS,
1058 2583 69 20 GARY
1143 2584 28 20 A.

894 2612 101 21 Tricks
1016 2619 32 15 or
1068 2615 111 21 treats.
1220 2616 48 20 See
1287 2618 115 27 MARTIN,
930 2641 80 28 BILL,
1033 2644 43 20 JR.

909 2672 49 20 The
979 2672 99 25 tuning
1098 2673 31 18 of
1149 2673 48 19 the
1217 2677 78 19 year.
1338 2672 47 21 See
1405 2673 113 26 MARTIN,

944 2701 78 25 BILL,
1046 2702 43 20 JR.

909 2726 116 25 Turning
1042 2728 97 24 point.
1180 2729 49 20 See
1250 2731 180 28 LACAMPAGNE,
942 2755 101 21 ROBERT
1062 2758 44 25 J.,
1131 2758 42 19 ed.

898 2788 96 21 Twain:
1020 2790 130 20 selected
1169 2791 148 25 writings.
1361 2793 47 20 See

933 2817 128 27 CLEMENS,
1086 2820 99 20 SAMUEL
1205 2820 162 22 LANGHORNE.

913 2844 220 30 Understanding
1154 2850 128 27 reading.
1323 2853 47 21 See
1391 2856 85 21 SMITH

947 2874 96 22 FRANK.
1479 2872 8 11 5

1659 272 29 25 Up
1710 274 46 19 and
1778 275 66 19 down
1865 274 46 20 the
1932 275 165 21 escalator.
2137 275 48 22 See

1691 300 116 28 MARTIN,
1829 302 80 27 BILL,
1932 303 46 22 JR.

1666 333 152 22 Versteben
1837 337 48 19 und
1909 337 143 25 sprechen.
2095 338 48 21 See
2163 340 78 25 JEBE,

1703 362 117 22 SUZANNE
1838 365 27 20 P.

1662 392 153 21 Verstehen
1833 393 50 19 und
1904 392 146 26 sprechen,
2074 392 117 21 revised

1698 420 129 21 edition.
1869 422 47 19 See
1936 421 114 27 REHDER,
2072 422 113 20 HEIMUT.

1637 454 65 19 Voix
1721 454 167 21 francaises
1909 455 32 19 du
1959 455 83 19 monde
2061 455 81 21 noir:
1671 455 611 53 anthologie
1739 483 149 21 d'auteurs
1908 484 83 20 noirs
2012 484 214 25 francophones.

1670 511 48 20 See
1736 512 116 26 WARNER,
1873 512 86 21 KEITH
1976 512 29 24 Q.

1658 544 117 22 Welcome
1794 547 81 25 home,
1898 546 96 26 Henry.
2035 546 48 21 See
2102 546 115 28 MARTIN,
1692 574 80 27 BILL,
1796 575 44 21 JR.

1659 604 49 19 The
1726 604 120 20 Western
1864 603 182 21 humanities.
2087 603 47 20 See
2154 604 97 25 GOULD,

1693 633 84 21 JAMES
1795 635 30 19 A.

1657 666 68 20 What
1745 667 32 20 to
1798 672 45 20 say
1866 667 46 20 and
1932 667 69 20 when
2019 667 31 19 to
2071 672 46 19 say
2139 668 45 20 it.
2225 668 47 19 See

1692 695 116 26 MARTIN,
1831 696 80 25 BILL,
1935 697 44 20 JR.

1659 727 67 21 When
1745 728 31 20 it
1797 728 96 26 rains,
1917 727 30 21 it
1967 727 97 21 rains.
2106 727 47 21 See

1692 755 116 28 MARTIN,
1831 756 80 27 BILL,
1934 756 44 22 JR.

1660 786 131 28 Whistle,
1813 789 81 25 Mary,
1916 789 131 21 whistle.
2088 789 49 22 See
2156 791 115 26 MARTIN,

1694 815 80 28 BILL,
1796 818 46 20 JR.

1653 843 119 21 Whitman
1792 846 46 19 and
1858 846 164 21 Dickinson.
2065 847 47 20 See
2132 848 114 26 LOUGEE,

1687 873 95 21 DAVID.

1663 901 48 19 The
1730 902 114 22 wizard.
1886 904 48 21 See
1953 905 116 28 MARTIN,
2090 907 81 28 BILL,
2193 910 45 21 JR.

1664 939 135 21 Workbook
1819 942 31 19 in
1868 943 186 24 comparative
2073 945 250 22 reconstruction.

1699 968 47 20 See
1767 970 99 26 COWAN,
1884 971 132 21 WILLIAM.

1668 1001 82 21 World
1772 1005 31 19 of
1825 1004 371 28 informative-persuasive

1702 1036 98 20 prose.
1840 1034 48 20 See
1907 1034 115 27 MCKEAN,
2044 1036 84 20 KEITH
2146 1038 29 19 F.

1627 1068 593 35 HOLT, RINEHART & WINSTON, INC. See
1661 1098 135 24 AMERICAN
1813 1103 166 22 DEMOCRACY.

1664 1136 168 22 ESSENTIALS
1854 1138 29 20 OF
1903 1138 134 20 AMERICAN
2056 1139 165 21 DEMOCRACY.

1664 1169 152 23 EXPLORING
1835 1173 170 21 ELEMENTARY
2022 1175 200 23 MATHEMATICS.

1658 1204 153 23 EXPLORING
1828 1206 102 21 MODERN
1947 1206 201 22 MATHEMATICS.

1659 1236 16 21 A
1693 1237 153 23 NONGRADED
1865 1240 135 22 APPROACH
2018 1242 33 20 TO
2070 1243 153 22 EXPLORING

1692 1266 171 24 ELEMENTARY
1878 1269 202 24 MATHEMATICS.

1660 1304 117 21 POPULAR
1795 1305 186 23 GARDENING’S
2002 1309 134 21 COMPLETE

1692 1334 152 22 GARDENING
1863 1336 97 22 GUIDE.

1632 1383 80 25 HOLT,
1735 1384 136 21 RINEHART
1888 1387 16 18 &
1922 1386 132 26 WINSTON,
2079 1387 60 22 INC.
2178 1389 67 19 MINE

1668 1412 214 27 PUBLICATIONS,
1906 1414 62 21 INC.
2009 1415 47 19 See
2077 1416 66 20 MINE
1668 1415 611 52 PUBLICATIONS,
1788 1443 60 20 INC.

1616 1486 80 26 HOLT,
1719 1488 136 23 RINEHART
1872 1493 15 18 &
1908 1493 132 27 WINSTON,
2064 1496 62 21 INC.
2165 1499 137 22 RINEHART

1653 1515 96 22 PRESS.
1787 1519 49 21 See
1857 1521 135 22 RINEHART
2012 1524 96 21 PRESS.

1629 1586 80 25 HOLT,
1732 1586 100 21 ROBERT
1852 1587 28 21 R.

1663 1614 153 25 Assessing
1834 1615 199 25 personality.
2076 1615 99 25 Irving
2193 1617 28 19 L.

1698 1643 96 25 Janis,
1818 1644 112 20 editor.
1971 1644 50 21 New
2038 1644 82 24 York,
2142 1646 135 19 Harcourt

1696 1672 84 21 Brace
1800 1673 181 20 Jovanovich.
2023 1669 48 26 245
2090 1677 28 20 p.
2158 1674 47 20 NM:

1696 1700 594 27 pref. © Harcourt Brace Jovanovich,
1698 1730 79 25 Inc.;
1819 1725 113 30 16Apr71;
1953 1725 130 28 A240672.

1618 1797 79 25 HOLT,
1719 1796 118 22 STEPHEN
1856 1798 29 21 H.

1652 1826 168 25 Laboratory
1841 1826 62 20 aids
1925 1826 32 20 in
1976 1826 164 25 diagnosis.
1685 1825 580 55 Baltimore,
1786 1854 135 21 Williams
1941 1856 17 18 &
1975 1854 118 21 Wilkins
2113 1855 44 20 Co.
2200 1851 46 28 185
2266 1860 28 20 p.

1717 1878 543 31 © Williams & Wilkins Co.; 18Jan71;
1685 1907 130 25 A214880.

1610 1976 79 24 HOLT,
1711 1974 149 22 VICTORIA.

1644 2004 48 19 The
1714 2003 100 21 shadow
1835 2004 29 19 of
1885 2003 47 20 the
1952 2003 79 23 lynx.
2072 2002 49 19 1st
2142 2002 42 19 ed.

1681 2032 99 21 Garden
1799 2033 79 24 City,
1900 2032 81 24 N.Y.,
2005 2030 163 25 Doubleday.

1695 2053 528 34 381 p. © Victoria Holt; 18Jun71;
1679 2085 129 29 A248739.

1610 2145 115 25 HOLTAN,
1749 2145 81 21 ORLEY
1852 2147 28 20 I.

1645 2173 99 23 Mythic
1764 2174 134 24 patterns
1919 2174 33 20 in
1970 2174 116 21 Ibsen's
2106 2175 67 20 last
2192 2176 96 24 plays.

1679 2202 200 25 Minneapolis,
1902 2203 169 24 University
2091 2204 30 19 of
2141 2205 151 20 Minnesota

1680 2230 527 28 Press. 213 p. © University of
1680 2260 163 25 Minnesota;
1885 2260 113 25 30Dec70;
2020 2256 119 29 A206799.

1621 2331 181 26 HOLTERMANN,
1826 2331 113 21 URSULA.

1657 2360 183 25 Development
1861 2360 31 19 of
1909 2359 121 19 Western
2049 2357 214 21 civilization.

1691 2388 13 20 1
1723 2394 27 14 v.
1792 2389 45 20 NM:
1861 2387 164 24 revisions,
2049 2386 181 25 abridgment,

1688 2413 545 56 additional text & pictorial material, © Ursula Holtermann;
1691 2475 129 25 10Feb71;
1843 2469 129 28 A218087.

1616 2538 167 26 HOLTHOUSE,
1805 2537 115 21 HECTOR.

1651 2560 612 58 Gold Coast in colour. Adelaide [Australia] Rigby. 1 v. © Hector
1686 2622 164 24 Holthouse;
1874 2621 130 25 15Jan71;
2094 2615 86 29 AF0-64669,

1613 2672 146 28 HOLTMANN,
1781 2673 137 21 ALPHONSE
1936 2673 29 22 G.

1645 2702 169 21 Vocational
1835 2702 236 21 rehabilitation
2091 2702 49 21 for
2160 2703 47 20 the
1681 2701 593 56 disadvantaged.
1902 2733 48 18 See
1970 2732 96 26 GRIGG,
2091 2732 115 20 CHARLES
2225 2733 29 20 M.

1620 2784 114 28 HOLTON,
1757 2787 112 22 GEORGE.

1655 2816 96 21 Island
1773 2818 30 19 at
1824 2819 48 19 the
1893 2819 100 20 center
2013 2820 31 19 of
2063 2820 48 20 the
2130 2821 96 21 world.

1687 2845 48 20 See
1754 2847 132 26 ENGLERT,
1909 2847 165 27 SEBASTIAN,
2097 2849 111 22 FATHER.
