2363 3342
0 0 0 0 1110
190 353 49 20 2nd
260 353 98 21 annual
380 354 134 24 employee
534 352 134 21 benefits
689 350 164 21 institute.

225 381 101 21 Gerald
346 381 130 25 Silbert,
499 381 149 20 chairman.
689 379 99 21 Series

227 410 99 20 edited
346 410 32 25 by
396 410 85 25 Roger
499 410 29 21 A.
551 409 131 20 Needham.
721 403 51 25 240
791 412 28 19 p.

230 436 64 30 (Tax
312 439 49 21 law
379 439 50 20 and
447 438 136 26 practice
602 442 101 16 course
227 437 561 51 handbook
313 468 112 25 series,
448 462 96 32 no.40)
584 467 81 25 Appl.
690 465 97 21 states

226 496 151 26 copyright
398 497 30 20 is
447 496 50 21 not
517 496 118 21 claimed
656 495 30 20 in
706 499 49 20 any

225 525 119 26 portion
362 525 33 20 of
414 525 66 20 this
498 525 68 20 work
585 524 118 19 written
724 523 32 25 by
775 527 13 15 a

227 552 493 27 U.S. Govt. employee as a part
226 579 526 55 of his official duties. © Practising Law Instute; 11Apr71;
226 634 131 30 A255824.

180 671 100 20 Second
301 670 99 21 annual
424 670 96 21 estate
541 669 133 27 planning

221 700 158 20 institute.
420 698 101 21 Miriam
540 698 27 21 I.
592 699 26 20 R.
641 697 98 25 Eolis,

214 728 148 21 chairman.
403 727 99 21 Series
523 726 98 21 edited
642 727 32 23 by
694 725 83 25 Roger

215 757 28 20 A.
266 756 130 21 Needham.
453 751 33 27 376
506 761 28 19 p.
578 752 113 30 (Estate

214 785 137 25 planning
369 785 48 20 and
437 783 238 22 administration
693 787 101 16 course

214 809 578 57 handbook series, no.20) © Practising.
285 842 49 21 Law
353 842 164 25 Institute;
542 838 128 28 26Apr71;

216 867 129 26 A240714.

185 907 30 20 2d
236 906 99 21 annual
355 906 48 20 how
425 906 30 20 to
474 910 32 21 go
526 905 96 24 public
647 902 161 21 institute.

220 936 15 20 2
252 941 28 15 v.
325 932 163 31 (Corporate
511 933 45 20 law
576 934 47 19 and
645 932 134 25 practice

219 969 100 15 course
337 963 135 21 handbook
494 962 110 25 series,
629 957 146 25 no.61-62)

220 995 82 24 Large
322 992 147 27 portions,
492 991 132 26 expanded
646 991 46 19 and
219 994 525 52 updated,
338 1022 65 20 have
423 1021 66 20 been
511 1020 80 19 taken
613 1020 65 17 from
698 1018 47 20 the

220 1050 66 25 1970
305 1054 99 16 course
424 1048 132 20 handbook
578 1048 46 19 How
648 1048 29 19 to
696 1051 33 20 go

221 1079 111 26 public:
356 1083 33 16 an
408 1077 201 21 introduction
631 1077 30 19 to
682 1076 46 19 the

221 1104 576 25 securities laws. © Practising Law
221 1136 162 21 Institute:
473 1134 47 25 1Mar71;
542 1128 131 26 A226642.

200 1175 167 22 Subsidized
388 1172 129 24 housing:
543 1172 47 19 tax
608 1172 15 19 &
644 1168 112 33 profit.

236 1202 217 26 opportunities
474 1201 32 20 in
526 1200 116 24 selling
659 1199 16 20 &
695 1198 113 24 buying.

235 1233 50 25 544
304 1238 27 20 p.
375 1229 80 30 (Real
474 1229 99 21 estate
594 1228 46 20 law
661 1227 61 33 and.

236 1261 133 27 practice
389 1264 100 16 course
509 1257 133 21 handbook
662 1255 114 24 series,

237 1284 590 34 no.55) © Practising Law Institute;
238 1318 128 26 15Feb71;
389 1312 116 28 A224517.

175 1343 166 22 Successful
360 1341 170 26 management
552 1340 114 26 systems
688 1339 48 20 for

212 1373 80 21 small
312 1372 47 21 and
377 1370 187 22 medium-size
585 1369 48 20 law
653 1368 97 20 firms.

211 1402 97 20 Series
330 1400 98 21 edited
447 1400 33 25 by
501 1400 81 23 Roger
602 1400 27 19 A.
654 1397 130 21 Needham.

211 1431 48 21 200
278 1436 28 20 p.
350 1428 180 29 (Commercial
552 1427 48 21 law
619 1426 48 21 and

209 1459 134 26 practice
363 1462 100 17 course
481 1456 138 22 handbook
638 1455 113 25 series,

210 1482 592 33 no.55) © Practising Law Institute;
212 1513 129 29 26Apr71;
365 1511 129 25 A240711.

183 1549 49 19 Tax
252 1546 115 26 aspects
388 1544 31 21 of
439 1542 166 22 charitable
626 1540 100 26 giving
747 1540 46 19 and

219 1574 162 25 receiving.
423 1573 47 20 200
491 1578 25 18 p.
561 1568 63 30 (Tax
645 1570 46 19 law
712 1569 47 19 and

218 1603 133 26 practice
371 1606 100 16 course
490 1599 134 21 handbook
645 1597 113 25 series,

220 1626 589 34 no.59) © Practising Law Institute;
285 1661 47 25 1Mar71;
354 1655 129 29 A224514.

171 1694 50 20 Tax
241 1693 134 25 planning
393 1692 66 21 desk
479 1692 78 20 book.
596 1692 50 20 See
667 1691 147 25 GOLDBERG,

205 1723 83 20 LOUIS
308 1722 28 21 S.

163 1750 84 21 Trade
268 1750 114 20 secrets
403 1749 94 25 today.
538 1749 101 21 Daniel
659 1751 27 18 H.
709 1749 81 24 Kane,

198 1779 146 20 chairman.
386 1778 99 21 Series
506 1778 100 20 edited
624 1778 33 25 by
675 1778 85 24 Roger
778 1778 28 20 A.

197 1804 530 57 Needham. 304 p. (Patent, copyright, trademark and literary
197 1865 138 26 property
352 1869 100 16 course
470 1865 137 20 handbook
626 1865 113 24 series,

198 1891 593 30 no.21) © Practising Law Institute;
200 1919 130 28 26Mar71;
353 1922 117 23 A233339.

167 1958 101 22 United
289 1958 98 21 States
406 1958 101 24 patent
527 1957 49 20 law
595 1957 49 20 and
662 1957 148 25 practice.

203 1986 147 22 Chairman:
373 1986 117 21 Maurice
510 1987 27 20 B.
561 1985 130 22 Stiefel.
203 1985 561 51 Series
290 2015 98 20 edited
406 2015 35 25 by
459 2015 83 24 Roger
560 2014 28 21 A.
612 2014 131 20 Needham.

204 2040 49 28 296
270 2049 29 20 p.
343 2041 127 29 (Patent,
493 2043 165 25 copyright,
202 2042 563 51 trademark
291 2073 46 19 and
359 2072 134 25 literary
509 2072 138 25 property
664 2075 101 17 course

203 2102 136 20 handbook
359 2101 112 25 series,
494 2098 96 30 no.22)
629 2100 135 25 prepared

205 2131 49 20 for
273 2130 203 20 distribution
496 2131 29 19 at
546 2130 48 20 the
612 2133 120 22 program
751 2129 33 20 in

204 2159 165 25 Elisonore,
393 2158 130 26 Denmark,
544 2159 52 24 May
632 2154 45 29 3-6,
700 2158 65 24 1971.

204 2188 79 25 Appl.
308 2187 98 20 states
427 2187 150 25 copyright
597 2186 48 20 not
667 2186 116 21 claimed

207 2216 30 20 in
257 2221 50 20 any
323 2216 120 25 portion
459 2215 120 20 written
596 2215 35 24 by
649 2219 16 16 a
682 2215 62 21 U.S.

205 2244 545 60 Govt. employee as part of his official duties. © Practising Law
204 2304 163 26 Institute;
391 2305 131 26 22Mar71;
545 2304 130 28 A255540.

170 2335 85 25 Using
274 2335 98 20 trusts
394 2336 31 20 in
445 2336 99 21 estate
563 2337 199 25 planning-2d.

205 2364 66 20 Fred
291 2365 27 19 L.
341 2364 81 25 Rush,
445 2365 146 20 chairman.
633 2366 99 21 Series

205 2392 100 20 edited
326 2392 31 25 by
375 2393 85 24 Roger
477 2394 29 20 A.
529 2394 131 21 Needham.
702 2391 48 24 128
769 2400 27 20 p.

208 2418 113 30 (Estate
341 2421 136 25 planning
495 2422 49 20 and
564 2422 237 22 administration

204 2454 100 16 course
324 2450 136 20 handbook
479 2451 113 25 series,
614 2452 83 20 no.21)

239 2478 574 27 © Practising Law Institute; 18May71;
202 2503 132 24 A242448.

175 2536 83 21 White
280 2534 99 21 collar
398 2533 114 21 crimes:
536 2532 116 20 defense
673 2532 47 19 and

210 2564 201 26 prosecution.
451 2562 28 20 B.
503 2562 83 20 James
607 2560 114 24 George,
745 2561 60 22 Jr.,

211 2594 49 20 PLI
278 2596 118 22 program
416 2590 147 21 director.
623 2588 31 20 320
673 2593 26 20 p.

214 2618 147 32 (Criminal
381 2619 51 21 law
450 2618 49 22 and
520 2617 82 21 urban
622 2616 133 26 problems

211 2654 100 17 course
330 2647 137 22 handbook
486 2647 113 24 series,
622 2645 83 20 no.31)

210 2679 80 25 Appl.
315 2677 98 21 states
434 2674 152 27 copyright
604 2674 50 20 not
674 2672 116 21 claimed

212 2708 32 20 in
263 2711 49 20 any
331 2705 119 26 portion
468 2703 119 21 written
606 2702 32 25 by
658 2702 61 21 U.S.

291 2730 415 30 Govt. employee as part of his
214 2759 580 26 official duties. © Practising Law
212 2792 165 25 institute;
400 2790 132 26 10May71;
554 2785 131 27 A242254.

145 2848 171 22 PRACTISING
334 2848 50 22 LAW
402 2849 166 27 INSTITUTE,
589 2849 52 21 NEW
658 2849 80 22 YORK.

181 2879 47 19 See

180 2908 134 19 BUSINESS
334 2909 47 19 AND
403 2908 84 20 LEGAL
504 2907 136 21 PROBLEMS
660 2907 32 20 OF

216 2936 132 20 SHOPPING
370 2936 196 20 CENTERS—2D.

930 260 151 22 CORPORATE
1099 263 103 21 MASTER
1220 265 50 20 AND
1289 266 153 22 PROTOTYPE

962 289 171 23 RETIREMENT
1152 292 96 23 PLANS.

931 326 137 20 EUROPEAN
1085 326 153 21 TRADEMARK
1256 325 51 21 LAW
1325 327 50 19 AND
1395 326 147 20 PRACTICE.

933 357 340 21 FRANCHISING—TODAY'S
1292 359 86 21 LEGAL
1394 361 52 19 AND
968 361 564 45 BUSINESS
1053 386 147 22 PROBLEMS.

914 418 52 20 HOW
984 419 31 19 TO
1034 419 32 20 GO
1087 420 112 21 PUBLIC.

924 451 86 21 JOINT
1026 452 136 22 VENTURES
1182 454 33 21 IN
1233 455 68 21 REAL
1319 456 113 22 ESTATE.

923 485 136 21 PERSONAL
1078 487 100 21 INJURY
1196 489 132 22 DAMAGES.

935 522 131 20 PRODUCTS
1088 523 163 22 LIABILITY.

912 559 204 21 REPRESENTING
1135 560 118 21 CLIENTS
1274 561 83 20 UNDER
1377 562 49 20 THE
947 562 581 46 SELECTIVE
1033 589 117 19 SERVICE
1170 590 61 20 LAW.

913 623 50 21 TAX
981 624 204 25 CONSEQUENCES
1205 625 33 21 OF
1255 625 68 21 LAND
1343 626 163 22 OWNERSHIP.

897 675 83 20 PRADA
1020 689 25 12 O.,
1068 676 114 21 RENATO.

929 702 49 21 The
997 702 116 26 breach,
1134 703 34 26 by
1187 704 103 21 Renato
1308 705 96 21 Prada.
965 706 563 46 Translated
1066 731 34 26 by
1118 732 102 21 Walter
1239 734 131 20 Redmond.
1412 734 48 21 1st
1480 735 45 20 ed.

964 760 102 21 Garden
1084 761 80 26 City,
1186 763 82 25 N.Y.,
1291 762 164 27 Doubleday.
1497 764 47 23 151
1564 769 29 21 p.

963 789 188 22 Translation
1172 791 30 20 of
1220 791 50 21 Los
1290 792 169 21 fundadores
1480 793 46 21 del

963 817 79 22 alba.
1082 819 81 25 Appl.
1188 820 114 21 author:
1326 821 102 20 Renato
1446 821 83 21 Prada
1570 836 5 6 O.

967 843 116 30 (Renato
1101 844 114 32 Prada),
1239 848 135 26 employer
1394 849 49 21 for
1461 850 81 21 hire.

999 875 559 28 © Renato Prada O.; 5Feb71; A214811.
879 927 118 25 PRAEGER
1020 926 167 31 (FREDERICK
1205 924 45 31 A.)
1275 927 62 21 INC.

913 960 49 21 The
983 959 96 25 earth,
1104 958 47 21 the
1172 958 113 25 temple,
1308 956 50 21 and
1380 956 46 19 the
1447 956 79 25 gods.

948 988 48 21 See
1016 988 115 25 SCULLY,
1153 986 133 21 VINCENT.

886 1038 117 22 PRAEGER
1023 1039 182 25 PUBLISHERS,
1229 1039 60 20 INC.

917 1068 103 21 Africa
1039 1069 32 20 in
1090 1068 49 20 the
1160 1068 151 20 seventies
1331 1068 50 20 and
1400 1067 148 25 eighties.

954 1097 48 21 See
1020 1097 151 25 ARKHURST,
1195 1096 153 21 FREDERICK
1367 1097 45 25 S.,
1436 1097 44 19 ed.

923 1132 50 20 The
995 1132 220 22 all-volunteer
1234 1138 79 20 army:
1338 1139 31 15 an
1389 1135 133 25 analysis

959 1160 32 20 of
1011 1160 97 21 demand
1131 1162 47 19 and
1199 1162 114 25 supply.
1353 1162 49 21 See

956 1189 64 26 KIM,
1041 1189 31 22 K.
1095 1190 29 21 H.

933 1225 119 21 Alaskan
1071 1226 61 20 oil:
1157 1226 82 20 costs
1260 1226 48 20 and
1330 1226 113 26 supply.
1483 1226 49 20 See

967 1254 133 26 ADELMAN,
1122 1255 27 21 M.
1173 1255 28 21 A.

928 1284 50 21 The
995 1285 138 20 American
1151 1285 49 21 law
1220 1286 32 20 of
1273 1286 152 25 sovereign

964 1314 146 26 immunity.
1150 1316 50 20 See
1219 1316 150 26 GUITTARI,

963 1344 136 21 THEODORE
1117 1345 27 20 R.

928 1369 84 26 Among
1032 1369 47 21 the
1099 1370 131 25 Mongols.
1271 1370 50 21 See
1340 1371 132 26 GILMOUR,
962 1398 97 22 JAMES.

925 1427 51 21 The
995 1427 222 26 autobiography
1236 1428 32 20 of
1288 1428 48 20 the
1357 1428 181 25 Chung-Wang.

961 1457 48 20 See
1031 1458 45 25 LI,
1098 1455 200 23 HSIU-CH’ENG.

930 1485 102 20 Banner
1051 1485 32 21 of
1101 1486 136 25 people’s
1257 1492 63 21 war,
1344 1488 48 20 the
1411 1487 119 26 party’s

964 1514 138 26 military
1120 1515 78 21 line.
1239 1517 50 21 See
1306 1517 35 21 VO
1360 1517 103 21 NGUYEN

965 1544 79 21 GIAP.

931 1569 117 21 Between
1069 1570 50 21 two
1138 1571 96 20 fires.
1275 1571 49 21 See
1345 1571 33 20 LY
1396 1571 50 25 QUI
1465 1572 96 21 CHUNG.

920 1604 49 22 The
989 1605 102 21 Bureau
1110 1606 32 20 of
1160 1606 67 20 Land
1244 1606 185 24 Management.
1470 1605 49 21 See

956 1637 130 26 CLAWSON,
1107 1637 115 21 MARION.

925 1665 95 19 Burma:
1045 1670 14 14 a
1078 1665 131 25 profile.
1250 1665 49 21 See
1319 1670 115 25 BIXLER,
1458 1669 95 21 NORMA.

926 1698 116 26 Capital
1060 1698 119 20 markets
1200 1697 32 20 in
1251 1696 85 21 Latin
1354 1695 131 22 America.

960 1728 49 20 See
1028 1727 97 26 BASCH,
1147 1727 131 20 ANTONIN.

931 1754 50 21 The
1001 1759 65 16 case
1087 1755 50 20 for
1156 1755 185 25 reappraisal
1362 1756 32 19 of
1414 1756 62 20 U.S.

967 1788 133 16 overseas
1120 1783 187 21 information
1326 1784 136 25 policies
1483 1784 49 20 and

965 1817 149 21 programs,
1138 1812 221 26 incorporating
1379 1813 188 24 Congressman

967 1841 151 20 Fascell’s.
1138 1841 114 25 report.
1294 1841 48 21 See
1361 1841 133 27 BERNAYS,

967 1869 100 21 EDWARD
1086 1871 27 20 L.

930 1904 100 25 Change
1049 1905 49 19 and
1119 1904 307 25 development—Latin

962 1932 153 21 America’s
1136 1933 83 25 great
1239 1933 78 20 task.
1359 1933 49 21 See

964 1961 149 27 PREBISCH,
1136 1962 78 20 RAUL.

925 1992 51 21 The
994 1992 117 20 Chinese
1131 1991 63 21 War:
1219 1997 32 13 an
1271 1991 117 20 account
1408 1990 32 20 of
1461 1991 47 18 all

961 2020 49 21 the
1029 2020 169 25 operations
1218 2020 33 20 of
1270 2020 49 20 the
1340 2018 118 21 British

962 2050 98 20 forces
1082 2049 66 20 from
1167 2049 49 20 the
1236 2048 204 21 commencement
1460 2048 33 20 to
1512 2048 49 19 the

960 2078 102 25 Treaty
1081 2078 32 20 of
1133 2078 131 25 Nanking.
1307 2078 47 20 See

963 2107 198 26 OUCHTERLONY,
1185 2108 79 19 JOHN.

931 2133 50 21 The
1001 2135 82 19 dance
1104 2135 183 25 experience.
1327 2135 49 21 See
1396 2137 97 25 NADEL,
966 2164 83 19 MYRON
1069 2164 115 21 HOWARD.

924 2194 152 26 Desultory
1094 2194 82 20 notes
1198 2199 32 16 on
1249 2194 48 21 the
1318 2194 167 25 government
1508 2195 47 19 and

958 2223 99 24 people
1078 2223 31 20 of
1129 2223 83 20 China
1231 2223 49 20 and
1301 2228 33 15 on
1353 2223 48 21 the
1421 2223 117 20 Chinese

960 2252 145 24 language.
1146 2253 47 19 See
1214 2252 133 25 MEADOWS,
1370 2252 99 20 THOMAS

956 2281 115 20 TAYLOR.

934 2313 171 26 Developing
1124 2315 151 21 effective
1294 2320 149 20 managers:
1467 2321 16 16 a
1502 2322 50 15 new

969 2343 135 24 approach
1123 2343 33 20 to
1175 2344 133 20 business
1330 2345 165 21 education.

970 2369 47 21 See
1036 2370 116 26 REVANS,
1175 2371 136 21 REGINALD
1328 2373 29 20 W.

913 2406 15 18 A
949 2405 186 24 documentary
1151 2404 121 26 history
1290 2405 33 20 of
1343 2404 48 21 the
1409 2404 120 21 Mexican

946 2432 166 21 Americans.
1153 2433 48 20 See
1219 2433 117 26 MOQUIN,
1356 2433 98 20 WAYNE.

933 2467 49 21 The
1003 2468 65 25 dope
1087 2467 79 20 book:
1191 2468 47 19 all
1260 2466 82 21 about
1363 2466 96 24 drugs.
1500 2465 49 21 See

969 2496 165 25 LIEBERMAN,
1156 2495 80 21 MARK.

919 2532 49 21 The
988 2531 151 21 economics
1160 2530 31 20 of
1210 2530 119 20 African
1349 2527 199 25 development.

954 2562 48 18 See
1022 2559 131 26 KAMARCK,
1177 2559 100 19 ANDREW
1297 2558 29 20 M.

931 2593 118 26 England
1070 2595 47 19 and
1136 2593 103 21 Russia
1258 2593 33 20 in
1310 2593 48 20 the
1378 2593 79 20 East.
1500 2592 48 21 See

967 2622 165 27 RAWLINSON,
1157 2623 48 20 SIR
1222 2622 86 21 HENRY
1327 2622 165 21 CRESWICKE.

926 2651 220 25 Equipotential
1166 2656 97 21 space:
1287 2652 118 21 freedom
1424 2653 33 20 in
961 2653 597 48 architecture.
1132 2681 47 19 See
1201 2683 148 26 SEVERINO,
1372 2682 114 21 RENATO.

923 2714 48 20 The
992 2714 151 20 evolution
1163 2714 32 20 of
1215 2718 102 21 energy
1334 2714 103 25 policy
1456 2713 32 20 in

956 2742 118 21 Western
1092 2743 115 24 Europe.
1248 2742 49 21 See
1317 2742 115 26 GORDON,
958 2772 116 19 RICHARD
1094 2772 27 20 L.

921 2794 117 23 Federal
1058 2799 220 23 contributions
1299 2802 32 20 to
1348 2806 185 22 management:

956 2824 115 22 effects
1092 2832 33 16 on
1144 2828 48 21 the
1210 2830 101 25 public
1333 2832 47 20 and
1399 2832 120 25 private

957 2855 127 21 sectors.
1127 2858 47 18 See
1194 2859 97 26 BROWN,
1314 2861 84 19 DAVID
1418 2862 45 26 S.,
1488 2863 43 20 ed.

935 2902 115 21 Federal
1070 2903 118 25 funding
1207 2903 49 20 and
1275 2902 135 21 national
968 2902 561 49 priorities.
1087 2931 49 20 See
1156 2930 148 26 LEDERMAN,
1328 2930 131 21 LEONARD.

935 2967 47 19 The
1003 2967 114 21 Federal
1138 2969 83 20 Trade
1241 2969 183 21 Commission.
1465 2969 47 21 See

967 2994 115 27 WAGNER,
1106 2997 94 21 SUSAN.

1677 246 48 20 The
1747 245 149 21 financial
1917 246 204 22 institutions
2140 247 34 21 of
1711 248 565 47 Southeast
1796 274 80 21 Asia.
1917 275 49 21 See
1986 275 98 27 EMERY,
2106 275 100 21 ROBERT
2226 277 28 21 F.

1674 303 117 28 Foreign
1810 308 117 25 capital
1949 310 49 21 for
2017 315 134 20 economic
1705 316 584 39 development:
1810 340 14 15 a
1841 337 103 21 Korean
1965 344 66 16 case
2051 342 96 23 study.
2188 346 47 19 See

1703 362 65 27 KIM,
1791 365 83 20 SEUNO
1896 367 61 22 HEE.

1676 397 117 24 Foreign
1813 398 82 20 trade
1916 400 31 19 in
1965 404 50 21 gas
2035 401 48 19 and
2105 401 186 26 electricity

1710 427 31 18 in
1761 427 82 20 North
1861 429 132 19 America.
2034 429 51 21 See
2102 430 115 26 MILLER,

1709 455 68 21 JOHN
1795 457 45 25 T.,
1863 457 45 20 JR.

1664 486 117 26 Foreign
1801 488 83 20 trade
1906 489 30 19 in
1957 490 47 21 the
2025 493 134 21 economic
1698 494 565 46 development
1818 517 33 20 of
1870 518 83 20 small
1972 521 132 21 nations:
2126 522 49 21 the
2195 528 66 16 case
2281 526 33 20 of

1697 544 131 22 Ecuador.
1870 548 47 18 See
1938 548 114 28 GIBSON,
2076 551 116 21 CHARLES
2213 554 28 20 R.

1683 584 83 26 Forty
1784 590 96 18 acres:
1905 589 84 20 Cesar
2008 592 99 21 Chavez
2128 595 48 20 and
2197 597 48 20 the

1717 613 65 21 farm
1801 616 131 23 workers.
1972 619 49 21 See
2041 622 63 26 DAY,
2126 623 79 23 MARK.

1671 643 99 21 German
1791 648 237 23 constitutional
2049 640 156 36 documents*

1704 672 81 22 since
1807 672 79 27 1871:
1910 679 133 22 selected
2066 683 80 21 texts
2169 687 46 18 and
1701 692 585 37 commentary.
1874 707 48 19 See
1944 709 131 29 HOLBORN,
2100 713 99 21 LOUISE
2218 717 28 21 W.

1674 737 48 20 The
1743 738 101 21 German
1865 740 215 28 dictatorship.
2121 745 49 21 See
2190 747 118 21 BRACHER

1708 767 69 20 KARL
1671 769 272 42 DIETRICH.The
1738 793 167 22 Government
1928 797 134 28 Printing
2084 801 111 22 Office.
2237 805 47 20 See

1704 820 96 28 KLING,
1823 823 101 21 ROBERT
1943 827 46 24 E.,
2012 828 44 20 JR.

1661 858 82 19 Great
1764 857 151 20 documents
1937 858 31 19 in
1989 857 84 20 black
2090 857 137 21 American
1696 858 598 51 history.
1816 887 48 18 See
1884 886 98 26 DUCAS,
2005 887 113 20 GEORGE.

1673 915 131 27 Hidalgo:
1827 919 118 21 Mexican
1965 924 235 25 revolutionary.
2241 928 49 19 See

1708 945 165 29 LIEBERMAN,
1895 949 81 22 MARK.

1681 977 14 21 A
1713 979 120 28 history
1852 983 32 20 of
1906 984 47 21 the
1970 985 119 26 Moghuls
2110 989 32 20 of
2162 990 117 23 Central

1713 1008 81 22 Asia.
1834 1010 49 22 See
1902 1012 136 24 MUHAMMAD
2058 1016 115 29 HAIDAR,
2195 1020 132 24 DUGHLAT.

1677 1040 64 21 Home
1763 1046 151 26 ownership
1935 1048 49 21 for
2004 1051 47 20 the
2071 1058 67 18 poor
2192 1057 48 19 See

1708 1071 115 29 ABRAMS,
1847 1076 130 24 CHARLES.

1694 1103 119 27 Ideology
1831 1108 48 20 and
1900 1111 149 23 practice:
2073 1115 46 20 the
2141 1119 152 22 evolution

1710 1135 31 17 of
1763 1135 115 22 Chinese
1899 1138 165 24 Communism.
2104 1144 49 22 See

1708 1161 115 30 HSIUNG,
1846 1167 83 21 JAMES
1951 1169 95 24 CHIEH.

1662 1198 198 23 Imperialism.
1901 1200 48 20 See
1970 1202 165 28 LICHTHEIM,
2158 1205 115 22 GEORGE.

1654 1232 32 21 In
1705 1234 117 21 defense
1842 1236 33 20 of
1894 1236 168 23 industrial
1687 1241 549 42 concentration.
1807 1264 49 20 See
1875 1265 98 28 MCGEE,
1997 1268 67 20 JOHN
2084 1268 27 21 S.

1678 1290 132 21 Internal
1830 1293 118 22 Revenue
1970 1297 129 22 Service.
2140 1301 49 21 See

1711 1320 131 28 CHOMMIE,
1864 1324 68 20 JOHN
1952 1327 28 20 C.

1671 1352 48 20 The
1740 1352 220 22 international
1979 1353 154 26 migration
2152 1354 32 20 of
1705 1354 566 47 high-level
1807 1386 149 20 manpower:
1980 1381 48 21 its
2049 1382 101 24 impact
2169 1387 33 16 on
2221 1383 48 20 the

1705 1411 185 24 development
1911 1415 131 19 process.
2083 1412 49 19 See
2151 1411 153 21 COMMITTEE

1703 1439 35 21 ON
1756 1440 50 20 THE
1824 1440 223 20 INTERNATIONAL
2064 1441 155 20 MIGRATION
2236 1442 34 20 OF

1705 1469 114 21 TALENT.

1663 1503 65 21 John
1749 1503 100 25 Quincy
1868 1505 84 19 Adams
1975 1505 29 20 in
2024 1506 114 24 Russia,
2162 1508 171 25 comprising

1698 1531 134 24 portions
1853 1532 30 19 of
1906 1533 45 18 the
1973 1533 83 24 diary
2076 1534 32 20 of
2126 1535 67 21 John
2214 1536 100 24 Quincy

1695 1561 85 20 Adams
1800 1561 67 20 from
1887 1558 66 28 1809
1973 1563 31 20 to
2025 1560 78 24 1814.
2144 1566 49 20 See
2212 1566 99 22 ADAMS.

1696 1592 68 20 JOHN
1783 1592 113 26 QUINCY,
1921 1595 80 20 PRES.
2023 1595 64 21 U.S.

1670 1627 16 20 A
1706 1626 99 25 lady’s
1826 1625 100 21 cruise
1945 1625 34 21 in
1997 1630 15 15 a
2031 1624 102 22 French
1705 1624 548 51 man-of-war.
1810 1656 46 18 See
1878 1654 101 20 GORDON
1997 1654 132 26 CUMMING,
2152 1653 28 21 C.
2203 1654 29 20 F.

1670 1685 81 18 Local
1772 1685 132 20 economic
1926 1685 185 26 development
2131 1686 84 20 after

1700 1714 138 26 military
1856 1714 67 21 base
1943 1715 147 21 closures.
2131 1715 49 21 See

1703 1744 97 26 LYNCH,
1822 1744 68 20 JOHN
1907 1744 29 21 E.

1662 1775 61 22 Man,
1749 1774 95 23 state,
1867 1775 50 20 and
1939 1775 116 25 society
2075 1776 31 19 in
2126 1777 66 20 East

1695 1804 136 24 European
1851 1803 131 25 history.
2022 1805 50 21 See
1696 1806 515 52 FISCHER-GALATI,
1834 1835 130 25 STEPHEN,
1990 1835 43 19 ed.

1669 1864 155 27 Marketing
1844 1866 135 20 research
1999 1867 32 20 in
2050 1867 48 21 the
2118 1868 170 27 developing

1707 1894 164 21 countries:
1894 1899 16 16 a
1927 1895 149 22 handbook.
2117 1897 49 21 See

1704 1923 132 26 KRACMAR,
1859 1924 68 21 JOHN
1945 1925 27 20 Z.

1666 1956 116 21 Medical
1804 1962 66 16 care
1889 1958 31 20 at
1938 1957 103 26 public
2061 1963 131 20 expense:
2215 1963 14 16 a

1702 1987 82 25 study
1804 1988 31 19 in
1855 1987 115 25 applied
1990 1987 120 20 welfare
2130 1988 162 20 economics.

1701 2016 47 18 See
1769 2017 98 24 PAULY,
1889 2016 67 20 MARK
1973 2017 29 20 V.

1668 2050 50 20 Men
1739 2049 29 20 in
1788 2053 80 15 arms.
1908 2048 49 20 See
1978 2047 131 25 PRESTON,
2132 2046 118 21 RICHARD
2267 2046 30 20 A.

1661 2077 221 21 Modernization
1901 2078 117 21 without
2039 2079 198 26 development:

1694 2106 136 21 Thailand
1850 2111 31 16 as
1902 2112 31 15 an
1951 2107 86 21 Asian
2056 2112 66 16 case
2143 2108 95 25 study.

1697 2137 46 18 See
1763 2135 115 25 JACOBS,
1901 2136 114 22 NORMAN.

1664 2163 149 25 Mongolia,
1836 2168 15 13 a
1870 2163 131 23 profile.
2042 2162 48 21 See
2111 2162 114 27 PETROV,

1698 2192 100 20 VICTOR
1819 2193 28 20 P.

1663 2219 133 20 Movement
1817 2221 17 20 &
1850 2220 150 25 metaphor.
2040 2222 50 21 See
2108 2223 149 25 KIRSTEIN,

1697 2249 131 21 LINCOLN.

1659 2279 149 21 Narrative
1831 2281 31 19 of
1880 2287 116 20 voyages
2018 2285 49 20 and
2087 2285 130 27 travels,
2242 2288 30 20 in

1692 2308 48 20 the
1759 2309 137 21 northern
1914 2313 50 19 and
1984 2313 134 21 southern
1693 2314 510 48 hemispheres:
1845 2341 171 25 comprising
2034 2341 83 21 three
2136 2348 117 21 voyages

1692 2367 81 18 round
1796 2367 45 19 the
1862 2368 95 21 world.
1999 2370 49 21 See
2068 2371 113 27 DELANO,
2204 2373 95 23 AMASA,

1671 2397 48 21 New
1739 2399 170 26 technology
1929 2403 46 18 and
1994 2402 102 21 marine
2117 2408 134 17 resource

1705 2428 198 25 development.
1945 2431 47 19 See
2014 2432 146 26 SPANGLER,
2183 2434 102 19 MILLER
2303 2436 27 19 B.

1663 2458 79 22 Nino:
1766 2460 83 20 child
1870 2460 32 20 of
1922 2461 48 20 the
1987 2460 121 21 Mexican
2128 2461 182 21 revolution.

1697 2487 48 22 See
1767 2489 131 25 IDUARTE,
1922 2489 113 22 ANDRES.

1660 2524 46 18 Off
1727 2530 113 16 course.
1880 2526 49 22 See
1949 2529 132 27 TUGWELL,
2103 2532 118 23 REXFORD
2242 2534 27 21 G.

1666 2560 46 18 The
1735 2561 98 19 Patent
1856 2561 112 21 Office.
2007 2562 50 20 See
2077 2562 97 26 JONES,

1699 2587 85 22 STACY
1801 2589 28 21 V.

1663 2620 162 24 Pendragon.
1866 2621 50 21 See
1937 2623 112 26 CLANCY,
2072 2624 102 21 JOSEPH
2194 2624 26 21 P.

1662 2653 134 26 Planning
1816 2655 48 18 for
1884 2655 186 26 development
2090 2657 32 20 in
2141 2657 95 26 Libya.

1694 2684 49 18 See
1763 2685 113 26 FARLEY,
1900 2686 97 21 RAWLE.

1653 2715 166 25 Prospectus
1839 2716 189 24 preparation
2047 2716 50 21 for
1686 2717 548 48 international
1804 2745 119 25 private
1944 2746 180 21 investment:
2149 2751 15 15 a
2183 2746 83 25 guide

1686 2773 50 20 for
1754 2773 49 21 the
1824 2773 169 26 developing
2011 2774 165 21 countries.
2218 2775 48 20 See

1687 2802 146 26 ROBINSON,
1856 2802 85 20 HARRY
1959 2802 28 22 J.

1660 2829 99 20 Puerto
1780 2828 78 21 Rico:
1883 2833 16 14 a
1914 2828 134 25 profile.
2090 2829 47 19 See

1692 2857 166 26 WAGENHEIM,
1881 2858 63 20 KAL.

1650 2885 151 21 Residence
1822 2886 32 19 of
1876 2887 167 24 twenty-one
2062 2891 83 20 years
2166 2887 33 20 in
2218 2887 48 20 the

1686 2913 134 21 Sandwich
1841 2914 130 21 Islands.
2011 2914 49 20 See
2080 2914 131 26 BINGHAM,

1686 2941 95 22 HIRAM.

1645 2975 131 25 Romania,
1799 2980 15 15 a
1832 2975 132 23 profile.
2005 2975 48 20 See
2071 2975 117 26 MATLEY,
1680 3005 48 19 IAN
1745 3004 30 20 M.
