2363 3342
138 136 60 25 1414

133 254 173 27 UNIVERSITE
324 260 83 24 LIBRE
427 263 32 22 DE
478 263 162 27 BRUXELLES.
167 264 599 48 INSTITUT
238 287 169 26 D'HISTOIRE
426 293 32 21 DU
477 294 231 28 CHRISTIANISME.

168 315 47 20 See

167 344 186 25 DIFFICULTES
372 349 51 22 SUR
441 351 33 22 LA
494 353 145 24 RELICION.

143 388 375 29 UNIVERSITIES—NATIONAL
536 396 103 23 BUREAU
656 398 153 24 COMMITTEE

177 422 48 21 FOR
244 423 134 23 ECONOMIC
399 426 146 22 RESEARCH.
588 428 47 22 See

175 452 50 20 THE
243 452 136 24 ANALYSIS
398 456 35 20 OF
450 457 100 21 PUBLIC
570 458 112 22 OUTPUT.

173 492 49 20 THE
241 492 171 23 TECHNOLOGY
430 495 99 21 FACTOR
550 496 32 20 IN
207 493 477 51 INTERNATIONAL
360 521 97 23 TRADE.

133 575 618 58 UNIVERSITY & COLLEGE PRESS OF MISSISSIPPI.
168 631 185 27 Mississippi
376 635 83 20 black
479 635 146 24 folklore:
649 642 13 14 a
204 638 510 48 research
325 662 200 28 bibliography
546 665 47 21 and
202 662 513 57 discography.
338 692 48 21 See
406 693 114 28 FERRIS,
543 694 120 22 WILLIAM
682 697 44 27 R.,
752 698 45 21 JR.

141 746 171 25 UNIVERSITY
330 750 96 27 BOOKS,
451 752 61 23 INC.

173 778 84 21 Bible
277 780 82 25 myths
380 783 50 20 and.
449 783 85 21 their
552 785 152 26 parallels
724 788 33 20 in

209 810 83 21 other
312 812 164 26 religions.
517 815 48 20 See
585 815 99 27 DOANE,
706 819 28 20 T.
757 819 29 21 W.

172 844 84 24 Magic
278 846 48 20 and
343 847 165 26 mysticism.
550 851 49 21 See
619 852 148 28 REDGROVE,

207 874 27 20 H.
260 874 127 23 STANLEY.

149 902 116 27 Mudras,
290 905 47 20 the
356 905 102 22 ritual
476 906 169 27 hand-poses
666 910 31 19 of
720 911 46 20 the

183 933 101 21 Buddha
304 934 117 26 priests
443 936 48 21 and
513 937 45 19 the
579 936 83 22 Shiva

184 962 117 26 priests
323 963 31 20 of
371 963 81 22 Bali.
494 966 48 20 See
562 966 32 21 DE
614 967 97 27 KLEEN,

184 990 80 22 TYRA.

157 1024 33 23 My
210 1022 114 21 father.
363 1024 49 21 See
433 1024 148 26 RASPUTIN,
605 1025 98 23 MARIA.

165 1055 100 21 Occult
285 1056 116 24 science
421 1060 31 19 in
474 1061 82 22 India
576 1065 49 20 and
645 1071 85 22 among

200 1083 46 20 the
268 1086 146 22 ancients.
456 1089 48 22 See
525 1092 166 29 JACOLLIOT,
714 1098 97 23 LOUIS.

158 1129 147 25 Rasputin:
329 1131 130 24 prophet,
486 1132 164 26 libertine,
674 1134 131 26 plotter.

191 1159 50 20 See
260 1159 269 29 VOGEL-JØRGENSEN,
553 1164 29 20 T.

163 1194 48 20 The
231 1194 116 21 world's
370 1196 117 23 sixteen
507 1200 152 21 crucified
680 1203 130 22 saviors.

196 1223 50 20 See
264 1224 115 27 GRAVES,
403 1226 115 22 KERSEY.

109 1282 175 25 UNIVERSITY
301 1287 151 24 COMPUTING
473 1292 44 22 CO.

146 1312 117 22 General
283 1317 170 27 accounting
473 1321 113 25 system;
181 1321 564 46 installation
266 1345 180 25 procedures.
490 1350 12 20 1
522 1355 28 17 v.
588 1353 20 20 ©
624 1354 171 29 University

178 1370 154 28 Computing
349 1375 45 22 Co.
406 1382 7 19 ;
437 1378 130 27 20May71;
590 1378 133 30 A245537.

123 1441 173 24 UNIVERSITY
313 1444 96 22 FILMS.
450 1444 49 21 See

157 1472 154 22 MACMILLAN
329 1474 120 22 ENGLISH
466 1475 183 24 FILMSTRIPS.

119 1545 173 23 UNIVERSITY
307 1548 185 22 MICROFILMS.

153 1575 102 21 Author
275 1577 83 19 index
381 1575 79 30 (with
480 1576 114 30 titles)
618 1579 33 20 to
668 1578 121 26 Monthly

190 1604 117 25 catalog
326 1605 32 19 of
376 1606 102 21 United
498 1607 99 22 States
617 1607 170 23 Government

188 1633 217 27 publications,
430 1630 164 31 1947-1962.
635 1637 49 20 See

189 1662 96 27 POOLE,
307 1663 70 22 MARY
394 1664 165 22 ELIZABETH.

156 1699 155 22 Microfilm
329 1701 117 22 edition
466 1703 31 20 of
517 1704 49 20 the
585 1710 101 20 papers
708 1707 29 19 of

191 1729 99 22 Daniel
310 1731 132 22 Wehster.
483 1734 48 20 See
551 1734 115 27 WILSTE,

191 1759 118 22 CHARLES
327 1761 30 21 M.

153 1794 187 22 Territorial
360 1797 234 28 jurisprudence.
634 1802 50 20 See

188 1823 98 28 SMURR,
308 1826 29 21 J.
359 1827 29 21 W.

118 1872 173 25 UNIVERSITY
309 1877 32 20 OF
357 1877 100 28 AKRON,
477 1880 99 28 AKRON,
599 1884 80 21 OHIO.

151 1903 15 21 A
188 1905 83 26 study
291 1907 30 20 of
340 1907 67 27 drug
426 1910 84 21 abuse
529 1916 83 22 among
633 1914 151 26 employees

187 1933 33 20 in
238 1934 98 26 Akron,
358 1936 79 22 Ohio.
478 1940 49 20 See
546 1941 149 29 JOHNSTON,

186 1963 118 22 RICHARD
325 1966 77 22 GARY.

121 2003 171 24 UNIVERSITY
311 2007 31 19 OF
360 2008 120 23 ALABAMA
499 2011 96 21 PRESS.

154 2033 16 20 A
190 2035 184 23 concordance
396 2038 31 20 to
448 2039 46 21 the
516 2042 101 25 poetry
636 2043 32 20 of
190 2039 582 49 Gustavo
240 2064 101 21 Adolfo
360 2067 131 26 Becquer.
533 2070 47 20 See
601 2071 83 21 RUIZ-

188 2093 150 27 FORNELLS,
358 2096 133 26 ENRIQUE.

143 2135 168 26 Principles
333 2138 29 19 of
383 2139 217 26 phonometrics.
640 2141 49 20 See

177 2165 133 27 ZWIRNER,
333 2167 148 22 EBERHARD.

146 2207 169 27 Supplement
336 2210 29 20 to
387 2210 203 27 Bibliography
609 2212 31 20 of
661 2212 47 21 the

181 2237 134 26 writings
335 2238 31 21 of
385 2239 85 21 Edwin
487 2240 80 21 Muir.
608 2242 50 20 See

179 2266 132 28 MELLOWN,
335 2267 84 22 ELGIN
436 2269 28 20 W.

137 2313 52 21 The
206 2313 137 26 Virginia
362 2315 83 20 House
466 2315 32 20 of
516 2316 167 25 Burgesses,

174 2339 165 29 1750-1774.
379 2344 49 20 See
448 2343 149 28 GRIFFITH,
621 2345 130 22 LUCILLE.

104 2401 173 23 UNIVERSITY
296 2403 33 20 OF
345 2402 131 29 ALABAMA,
498 2403 184 23 UNIVERSITY.

138 2431 49 21 The
207 2430 323 28 Tennessee-Tombigbee
549 2432 149 26 Waterway.

174 2462 48 19 See
243 2460 131 27 STEWART,
394 2461 122 22 WILLIAM
533 2462 47 26 H.,
603 2462 45 21 JR.

107 2525 171 24 UNIVERSITY
297 2527 34 21 OF
346 2525 116 28 ALASKA,
485 2528 132 22 COLLEGE.

142 2556 101 25 Change
263 2558 32 19 in
312 2556 115 23 Alaska.
467 2558 50 20 See
535 2558 115 26 ROGERS,
673 2558 103 21 GEORGE

175 2587 47 24 W.,
246 2586 45 21 ed.

142 2626 153 26 Symposium
313 2632 31 15 on
364 2629 117 26 Organic
500 2630 102 21 Matter
621 2632 33 19 in

175 2651 560 35 Natural Waters … September 2-4,
176 2680 78 29 1968.
296 2685 48 21 See
364 2687 153 21 SYMPOSIUM
536 2688 31 21 ON
587 2690 117 21 ORGANIC

174 2713 103 22 MATTER
296 2715 33 20 IN
346 2715 120 21 NATURAL
482 2717 116 26 WATERS,

173 2742 171 21 UNIVERSITY
363 2745 33 19 OF
413 2745 116 26 ALASKA,
552 2741 78 29 1968.

113 2812 172 25 UNIVERSITY
305 2817 32 20 OF
354 2818 131 30 ARIZONA,
508 2822 114 23 TUCSON.
663 2825 136 23 DIVISION

148 2843 33 20 OF
199 2843 170 25 CONTINUING
386 2848 166 24 EDUCATION.

147 2872 118 26 English
319 2875 61 22 4010a:
404 2878 204 23 Introduction
628 2882 30 21 to
679 2888 67 16 crea-

181 2901 65 20 tive
265 2904 130 27 writing.
436 2908 136 26 Prepared
592 2912 33 24 by
643 2912 85 21 Peter
746 2914 28 20 H.

179 2931 600 31 Porosky. 75 p. © Arizona Board of
179 2958 132 28 Regents;
335 2962 130 28 12Apr71;
488 2964 130 28 A235962.

889 263 172 23 UNIVERSITY
1078 266 33 20 OF
1130 264 171 24 CALIFORNIA
1318 266 32 21 AT
1370 268 112 22 IRVINE.

924 293 49 22 ART
993 294 131 23 GALLERY.

924 324 99 21 Milton
1044 325 94 26 Avery:
1165 327 64 19 late
1250 328 150 25 paintings
1426 323 95 32 (1958-

958 350 80 32 1963)
1077 355 49 21 See
1145 356 97 25 AVERY,
1264 357 114 22 MILTON.

929 385 50 21 New
998 386 78 21 York:
1102 388 46 20 the
1170 389 100 21 second
1288 389 218 27 breakthrough,

965 410 541 35 1959-1964. 31 p. Appl. author:
963 443 66 21 Alan
1049 444 130 22 Solomon.
1216 446 20 19 ©
1254 447 117 26 Regents
1393 448 32 19 of
1445 448 47 20 the

963 471 171 26 University
1151 475 33 20 of
1202 474 182 27 California;
1409 471 130 30 17Mar69;

962 497 131 30 A218508.

892 555 169 23 UNIVERSITY
1081 558 31 21 OF
1131 558 170 23 CALIFORNIA
1320 561 32 21 AT
1373 561 48 21 LOS
1440 561 131 22 ANGELES.

925 586 135 21 GRADUATE
1079 587 102 22 SCHOOL
1199 589 32 19 OF
1250 590 134 22 BUSINESS
923 586 599 54 ADMINISTRATION.

924 643 99 20 Naomar
1044 645 48 19 and
1113 645 152 22 Louisiana
1284 647 83 21 fried
1388 648 146 25 froglegs;

959 672 115 22 finance
1094 678 97 22 cases,
1214 676 33 25 by
1265 676 85 21 David
1370 678 27 20 K.
1420 677 131 21 Eiteman.

956 700 32 23 17
1009 701 26 21 1.
1073 702 20 21 ©
1110 702 82 22 David
1214 704 28 21 K.
1265 705 130 26 Eiteman;
1419 702 114 29 6Jan71;

955 728 132 26 A237221.

889 801 168 23 UNIVERSITY
1078 802 31 21 OF
1129 802 168 23 CALIFORNIA
1317 804 33 20 AT
1368 803 50 21 LOS
1437 802 132 23 ANGELES.

922 832 132 21 LIBRARY.

925 861 149 26 Catalogue
1095 861 31 20 of
1148 863 47 19 the
1216 860 167 23 incunabula
1404 862 32 19 in
1456 862 47 20 the

958 889 84 22 Elmer
1058 890 67 21 Belt
1146 890 119 26 library
1285 890 30 20 of
1333 889 150 25 Vlnciana,
1505 890 34 24 by

958 919 115 21 Frances
1094 919 28 20 L.
1145 919 114 26 Finger.
1300 919 47 20 Los
1368 919 131 25 Angeles,

958 948 116 21 Friends
1095 948 32 20 of
1147 949 47 20 the
1213 948 68 21 UCLA
1300 948 130 25 Library.
1471 945 35 23 80
1522 953 29 20 p.

958 976 20 20 ©
991 976 117 22 Friends
1130 977 31 20 of
1181 977 47 20 the
1249 977 66 20 UCLA
1335 977 130 25 Library;

958 1005 98 26 9Apr71;
1093 1005 133 25 A250131.

882 1059 169 24 UNIVERSITY
1070 1062 33 21 OF
1122 1062 170 24 CALIFORNIA
1308 1065 36 21 AT
1361 1067 50 21 LOS
916 1063 548 53 ANGELES.
1052 1093 131 22 LIBRARY.
1224 1095 118 22 FRIENDS
1362 1098 32 20 OF
1414 1098 48 21 THE

914 1120 132 22 LIBRARY.

915 1148 149 26 Catalogue
1086 1150 30 19 of
1139 1151 47 20 the
1207 1152 167 22 incunabula
1396 1156 30 18 in
1448 1156 46 20 the

949 1177 83 21 Elmer
1050 1179 66 20 Belt
1139 1181 115 26 library
1275 1182 31 20 of
1324 1183 149 22 Vinciana.

948 1206 48 20 See
1015 1207 172 23 UNIVERSITY
1206 1210 31 20 OF
1258 1212 168 22 CALIFORNIA
1444 1214 34 21 AT

946 1235 50 21 LOS
1013 1236 132 23 ANGELES.
1186 1240 131 22 LIBRARY.

885 1288 171 26 UNIVERSITY
1074 1294 33 21 OF
1125 1294 183 32 CALIFORNIA,
1330 1300 138 25 BERKELEY.

921 1320 47 19 See

917 1348 68 21 BLUE
1004 1350 49 21 AND
1072 1352 80 28 GOLD,
1174 1354 79 26 1971.

877 1401 171 26 UNIVERSITY
1065 1406 33 22 OF
1117 1407 182 32 CALIFORNIA,
1321 1413 148 25 BERKELEY.

910 1432 171 24 ASSOCIATED
1099 1437 147 25 STUDENTS.
1288 1442 48 20 See

909 1461 68 21 BLUE
995 1464 50 20 AND
1064 1465 80 28 GOLD,
1166 1467 79 26 1971.

894 1531 171 23 UNIVERSITY
1084 1534 32 20 OF
1135 1535 181 27 CALIFORNIA,
1340 1537 148 22 BERKELEY.

927 1561 136 22 BANCROFT
1082 1563 130 23 LIBRARY.
1254 1566 117 21 FRIENDS
1392 1566 32 21 OF
1443 1566 50 22 THE

928 1590 130 23 LIBRARY.
1099 1592 49 21 See
1167 1593 137 22 BANCROFT
1323 1595 131 27 LIBRARY,

928 1618 147 28 BERKELEY,
1099 1621 96 23 CALIF.
1236 1622 118 23 FRIENDS
1375 1624 32 21 OF
1426 1625 50 20 THE

928 1647 129 23 LIBRARY.

886 1722 170 22 UNIVERSITY
1075 1724 33 20 OF
1128 1724 181 27 CALIFORNIA,
1331 1726 151 23 BERKELEY.

920 1751 167 23 EXTENSION.
1126 1752 80 23 DEPT.
1230 1754 31 21 OF
1281 1755 188 22 INDEPENDENT

921 1781 97 22 STUDY.

920 1809 116 27 English
1057 1815 31 15 as
1109 1816 13 14 a
1144 1812 120 25 foreign
1281 1813 132 26 language
1435 1808 63 29 803:

956 1839 97 21 Review
1075 1840 31 19 of
1125 1840 118 26 English
1264 1846 117 21 grammar
1401 1842 49 21 for

954 1868 119 26 foreign
1091 1868 166 28 nationals,
1279 1872 33 23 by
1330 1871 119 26 Dorothy

953 1897 152 21 Danielson
1124 1898 16 20 &
1160 1898 115 22 Rebecca
1296 1900 114 26 Hayden.
1452 1901 47 20 102
1520 1906 28 20 p.

951 1925 20 21 ©
988 1925 116 26 Dorothy
1123 1926 154 22 Danielson
1296 1929 16 19 &
1331 1929 116 21 Rebecca

954 1955 113 25 Hayden;
1089 1955 132 26 30Nov70;
1243 1957 134 25 A207920.

902 1995 152 23 Political
1075 1998 115 22 science
1209 2000 16 20 X
1245 1998 97 25 100.6:
1363 2003 138 21 American

936 2026 185 25 experiments
1141 2029 33 19 in
1194 2030 284 28 counter-cultures,

938 2054 46 20 the
1006 2054 63 21 rise
1092 2056 30 19 of
1141 2057 151 26 political
936 2056 528 56 consciousness,
1037 2085 34 24 by
1089 2085 82 21 James
1190 2086 31 20 M.
1243 2088 97 19 Glass.
1381 2084 32 28 87
1431 2089 30 26 p.

933 2111 80 25 Appl.
1037 2113 114 21 author:
1175 2115 115 25 Regents
1311 2116 32 21 of
1365 2117 45 21 the

934 2139 169 27 University
1123 2141 32 21 of
1176 2143 181 23 California.
1394 2146 19 21 ©
1433 2147 116 25 Regents

936 2168 30 20 of
988 2169 45 20 the
1054 2170 169 26 University
1244 2174 30 19 of
1296 2174 181 27 California;

933 2196 132 27 21Oct70;
1085 2196 134 25 A222240.

917 2234 132 27 Syllabus
1070 2236 49 20 for
1138 2236 119 27 English
1276 2242 30 15 as
1329 2243 13 15 a
1363 2238 118 26 foreign

952 2263 132 27 language
1105 2259 62 32 803,
1192 2266 31 19 to
1243 2271 152 22 accompany
1416 2268 45 20 the
1484 2269 65 19 text

953 2292 97 22 Review
1071 2293 30 19 of
1121 2293 118 26 English
1261 2300 117 20 grammar
1397 2296 49 19 for

950 2321 118 26 foreign
1087 2322 165 27 nationals,
1276 2324 31 25 by
1327 2324 118 26 Dorothy

949 2350 154 21 Danielson
1121 2352 15 20 &
1155 2352 117 21 Rebecca
1292 2353 115 26 Hayden.
1447 2351 30 24 42
1499 2359 29 21 p.

948 2380 19 18 ©
983 2378 118 26 Dorothy
1121 2379 153 22 Danielson
1293 2382 16 19 &
1328 2382 115 20 Rebecca

949 2408 114 25 Hayden;
1084 2408 133 25 30Nov70;
1239 2409 121 26 A207919.

864 2465 170 23 UNIVERSITY
1052 2467 33 20 OF
1105 2467 182 26 CALIFORNIA,
1310 2468 97 26 DAVIS,
1430 2470 50 20 LAW

900 2494 113 22 REVIEW.
1052 2495 97 25 Vol.2,
1175 2495 65 25 1970:
1275 2495 84 26 Legal
1381 2496 133 25 problems

899 2524 33 20 of
951 2524 201 27 agricultural
1174 2526 97 21 labor.
1310 2526 97 25 Davis,
900 2522 579 60 University
1035 2554 32 20 of
1087 2554 182 25 California,
1293 2554 100 21 School
1414 2556 30 19 of
1464 2557 64 20 Law.

899 2577 49 28 269
968 2586 29 19 p.
1035 2582 19 19 ©
1070 2583 117 24 Regents
1206 2583 33 20 of
1260 2583 47 20 the
1327 2583 170 26 University

900 2610 31 20 of
952 2609 179 26 California;
1190 2611 96 25 11Jun70;
1310 2611 132 26 A205225.

860 2667 171 24 UNIVERSITY
1048 2670 34 21 OF
1101 2671 181 28 CALIFORNIA,
1305 2673 99 23 DAVIS.
1443 2674 105 22 SCHOOL

895 2697 34 21 OF
948 2698 62 22 LAW.
1048 2699 49 21 See

895 2726 171 23 UNIVERSITY
1083 2729 33 19 OF
1136 2730 180 26 CALIFORNIA,
1340 2733 96 24 DAVIS,
1462 2734 50 20 LAW

929 2756 114 23 REVIEW.

864 2829 170 23 UNIVERSITY
1053 2832 31 21 OF
1106 2833 165 24 CALIFORNIA
1292 2837 166 29 EXTENSION,

897 2858 154 24 BERKELEY.
1085 2861 189 25 INDEPENDENT
1291 2866 98 23 STUDY.
1428 2869 48 20 See

899 2887 168 23 UNIVERSITY
1085 2890 32 20 OF
1139 2892 179 28 CALIFORNIA,
1342 2897 150 23 BERKELEY.

897 2916 164 23 EXTENSION.
1102 2920 81 22 DEPT.
1206 2921 31 21 OF
1256 2923 188 23 INDEPENDENT

898 2945 97 21 STUDY.

1644 261 170 23 UNIVERSITY
1832 263 32 21 OF
1883 264 181 24 CALIFORNIA.
2106 267 118 23 PROJECT
2243 270 81 20 CLEAN

1674 289 64 23 AIR.

1678 319 115 26 Project
1814 321 84 21 Clean
1914 322 64 20 Air.
2020 324 66 20 Task
2106 324 82 22 force
1708 326 600 52 assessments,
1830 348 116 22 vol.1-4
1968 351 16 19 &
2002 352 135 22 Research
2157 359 130 22 reports,

1708 375 132 24 vol.1-4.
1881 380 134 26 Prepared
2036 381 50 21 for
2104 383 100 21 Ernest
2225 386 26 19 S.

1710 406 147 28 Starkman,
1881 409 151 22 executive
2054 411 146 22 director.
2242 410 15 24 8
2276 418 27 16 v.

1707 435 20 20 ©
1742 436 118 26 Regents
1882 438 31 20 of
1934 438 47 21 the
2002 439 169 27 University
2191 442 32 20 of

1708 464 184 27 California;
1915 468 114 25 1Sep70;
2049 465 134 30 A218939.

1655 520 170 27 UNIVERSITY
1843 527 32 21 OP
1894 528 182 27 CALIFORNIA.
2117 536 131 25 REGENTS.

1687 551 48 21 The
1755 555 120 26 anatomy
1894 558 31 20 of
1944 564 15 15 a
1980 560 167 26 scientific
2169 567 116 23 institution:

1841 585 31 20 the
1909 589 65 20 Paris
1995 591 118 28 Academy
2133 595 32 20 of
2184 596 147 28 Sciences,

1737 609 147 29 1660-1803.
1926 618 48 20 See
1993 619 81 29 HAHN,
2097 623 96 24 ROGER.

1673 648 49 21 The
1742 651 100 21 bamboo
1862 658 95 21 grove.
2000 656 48 22 See
2068 659 79 27 RUTT,
2171 662 130 24 RICHARD.

1681 684 82 20 Bases
1783 685 33 21 of
1836 687 133 23 conflict
1991 691 31 20 in
2043 693 82 21 rural
2144 697 79 21 Java.

1714 713 49 20 See
1783 715 78 27 LYON,
1885 718 85 22 MARGO
1990 720 26 23 L.

1677 751 152 22 Belarmino
1848 755 49 21 and
1916 757 148 25 Apolonio.
2106 761 49 21 See
2175 764 83 21 PEREZ

1709 781 34 20 DE
1761 783 98 27 AYALA,
1881 785 98 23 RAMON.

1677 818 235 27 Biosystematics
1935 823 31 19 of
1986 823 48 21 the
2053 825 132 27 Arizona,
1710 823 564 54 California,
1848 850 49 20 and
1917 851 100 26 Oregon
2038 853 115 26 species
2175 856 31 20 of
2226 857 48 20 the

1710 877 65 19 seed
1795 878 100 21 beetle
1915 884 83 20 genus
2017 881 255 25 Acanthoscelides

1709 904 148 27 Schilsky.
1897 908 50 20 See
1966 908 133 29 JOHNSON,
2122 912 136 23 CLARENCE
2274 916 30 20 D.

1672 940 82 21 Black
1773 941 65 26 gods
1860 942 47 22 and
1928 945 96 26 kings.
2066 947 48 20 See
2133 948 150 27 THOMPSON,

1704 969 101 21 ROBERT
1824 972 113 21 FARRIS.

1672 1003 132 28 Britain,
1826 1007 97 26 India,
1947 1010 49 19 and
2014 1010 51 21 the
2081 1011 101 27 Arabs,
2205 1013 82 24 1914-

1706 1034 78 25 1921.
1826 1036 48 20 See
1894 1038 97 26 BUSCH,
2015 1040 102 22 BRITON
2135 1042 113 23 COOPER.

1666 1073 169 23 California
1853 1076 238 22 administrative
2111 1084 98 20 agency
1699 1080 595 49 practice.
1819 1104 48 20 See
1887 1104 116 28 NESTLE,
2023 1107 102 21 MANUEL
2143 1108 30 20 E.

1667 1135 168 25 California
1856 1140 80 22 civil
1956 1142 97 22 writs.
2095 1144 49 22 See
2163 1147 96 25 FRANK,

1699 1166 101 22 ELAINE
1819 1169 44 21 K.,
1890 1170 42 21 ed.

1667 1201 168 24 California
1855 1207 135 22 criminal
2009 1210 50 20 law
2076 1213 149 25 practice.

1699 1232 48 20 See
1767 1233 115 28 GINGER,
1905 1237 51 20 ANN
1973 1238 96 22 FAGAN.

1671 1267 167 24 California
1858 1274 48 20 net
1928 1275 99 22 income
2046 1279 153 21 valuation

1703 1298 111 23 tables:
1840 1307 49 15 one
1909 1304 65 25 step
1995 1304 134 24 internal
2151 1310 64 20 rate
2235 1311 32 20 of

1702 1328 101 20 return
1820 1331 156 22 valuation
1993 1334 50 20 and
2062 1336 150 25 analysis.

1701 1356 48 20 See
1767 1357 99 28 WENDT,
1893 1360 64 21 PAUL
1977 1363 26 21 F.

1666 1392 169 23 California
1854 1397 152 25 nonprofit
2026 1400 215 26 corporations.

1699 1422 48 21 See
1768 1422 132 29 CARROLL,
1920 1426 122 21 WILLIAM
2058 1428 29 21 A.

1666 1462 167 22 California
1851 1466 135 25 personal
2007 1467 102 27 injury
2126 1469 97 25 proof.

1698 1493 49 20 See
1767 1493 62 27 LOW,
1852 1495 97 21 ELMER.

1660 1525 167 25 California
1850 1532 97 20 retail
1969 1533 185 23 installment
2175 1537 96 22 sales.

1692 1556 49 21 See
1761 1557 166 30 GIACOMIHI,
1948 1561 105 22 EDWARD
2068 1565 48 25 D.,
2140 1566 44 19 ed.

1663 1593 168 22 California
1852 1596 101 26 surety
1971 1597 50 21 and
2040 1599 135 26 fidelity
2193 1601 67 20 bond

1695 1623 148 26 practice.
1885 1625 48 21 See
1954 1627 131 26 CONNERS,
2106 1629 121 21 WILLIAM
2245 1631 28 20 J.

1661 1661 168 23 California
1849 1665 101 26 zoning
1969 1668 148 26 practice.
2158 1671 49 20 See

1693 1690 115 27 HAGMAN,
1831 1693 101 21 DONALD
1950 1695 28 20 G.

1662 1724 133 22 Cellular
1816 1728 115 25 aspects
1953 1730 31 19 of
2004 1732 99 19 neural
2123 1734 102 24 growth
2245 1735 47 19 and

1693 1754 269 24 differentiation.
2005 1759 48 20 See
2073 1760 170 23 CONFERENCE
2262 1764 33 20 ON

1694 1783 135 22 CELLULAR
1847 1786 119 21 ASPECTS
1987 1787 31 21 OF
2036 1789 104 21 NEURAL
2158 1791 102 21 GROWTH

1692 1812 49 20 AND
1760 1813 271 29 DIFFERENTIATION,
2054 1818 49 21 LOS
2122 1819 132 26 ANGELES,

1695 1838 76 27 1969.

1654 1878 117 24 Central
1789 1880 139 20 American
1946 1878 134 21 economic
2101 1876 201 28 integration.

1687 1910 49 20 See
1756 1908 96 26 FAGAN,
1877 1908 102 22 STUART
1998 1909 29 21 I.

1660 1940 80 21 Civil
1762 1947 48 16 war
1831 1945 33 19 in
1884 1946 81 21 south
1985 1949 114 26 Russia,
2123 1948 78 27 1918.

1692 1971 49 19 See
1761 1972 98 28 KENEZ,
1883 1975 95 23 PETER.

1659 2002 197 23 Communities.
1898 2008 48 19 See
1966 2008 120 22 SCIENCE

1692 2032 170 23 CURRICULUM
1881 2035 187 23 IMPROVEMENT
2086 2039 97 22 STUDY.

1655 2068 150 26 Community
1826 2070 185 27 development
2034 2073 31 20 in
2084 2073 101 22 Israel
2204 2074 49 21 and

1688 2097 48 20 the
1756 2098 201 23 Netherlands.
1998 2102 49 20 See
2064 2102 116 27 KRAMER,

1688 2127 84 21 RALPH
1790 2129 29 20 M.

1655 2161 66 23 Cuba
1740 2159 80 29 1968:
1844 2165 167 27 supplement
2032 2167 31 19 to
2084 2167 47 21 the
1688 2164 563 53 Statistical
1790 2194 135 21 abstract
1945 2195 34 20 of
1997 2196 84 20 Latin
2098 2196 132 23 America.

1687 2221 48 20 See
1754 2221 133 29 ROBERTS,
1911 2224 26 20 C.
1962 2225 79 26 PAUL,
2066 2225 43 21 ed.

1652 2258 116 21 Current
1789 2259 202 25 developments
2012 2260 32 20 in
2063 2260 83 21 labor
2166 2261 62 21 law.

1686 2287 47 20 See
1752 2287 133 26 AELEYNE,
1908 2288 136 22 REGINALD
2063 2290 45 26 H.,
2131 2290 45 21 JR.

1649 2317 236 27 Deltatheridia,
1910 2321 165 26 Carnivora,
2097 2322 49 21 and

1687 2347 202 27 Condylarthra
1913 2347 161 31 (Mammalia)
2098 2352 30 20 of
2149 2353 48 20 the

1687 2377 82 25 early
1787 2378 115 26 Eocene,
1926 2380 80 20 Paris
2028 2381 96 25 Basin,
2147 2383 114 20 France.

1685 2406 48 19 See
1752 2405 82 27 RICH,
1855 2407 101 22 THOMAS
1976 2409 28 22 H.
2025 2410 31 20 V.

1649 2436 48 21 The
1718 2438 153 26 discovery
1890 2441 32 20 of
1942 2441 146 22 illusion:
2113 2444 167 22 Flaubert's

1684 2467 83 24 early
1785 2468 96 21 works,
1908 2465 162 29 1835-1837.
2113 2473 47 19 See

1682 2495 78 24 GANS,
1784 2497 66 20 ERIC
1871 2497 147 23 LAWRENCE.

1647 2527 84 26 Early
1750 2529 221 23 Netherlandish
1991 2534 165 26 triptychs:
2179 2541 15 14 a

1683 2557 82 25 study
1784 2559 32 20 in
1834 2560 165 27 patronage.
2042 2563 48 20 See
2111 2565 79 25 BLUM,

1682 2586 117 21 SHIRLEY
1817 2588 131 22 NEILSEN.

1647 2614 48 23 The
1716 2617 116 26 ecology
1853 2619 33 22 of
1906 2622 47 20 the
1973 2623 136 26 plankton
2128 2628 49 20 off
2198 2631 31 20 La

1680 2646 96 26 Jolla,
1801 2649 181 27 California,
2006 2654 33 21 in
2058 2655 48 21 the
2127 2659 99 23 period

1679 2675 82 23 April
1784 2678 115 26 through
1919 2682 165 26 September,
2111 2683 76 27 1967.
2229 2690 48 20 See

1679 2705 180 28 STRICKLAND,
1884 2711 29 21 J.
1934 2712 30 20 D.
1989 2712 42 26 H.,
2057 2714 44 21 ed.

1642 2738 101 27 Energy
1764 2746 131 21 sources.
1934 2747 50 20 See
2003 2749 118 23 SCIENCE
1677 2750 514 43 CURRICULUM
1814 2772 187 24 IMPROVEMENT
2020 2777 96 25 STUDY.

1653 2796 120 30 Entropy
1792 2803 49 20 and
1860 2804 61 20 art.
1964 2808 47 20 See
2031 2809 132 30 ARNHEIM,
2185 2815 114 23 RUDOLF.

1639 2836 215 25 Environments.
1897 2843 48 20 See
1965 2844 118 23 SCIENCE
2100 2848 173 24 CURRICULUM

1673 2866 187 23 IMPROVEMENT
1878 2870 95 22 STUDY.

1637 2893 98 26 Essays
1757 2899 32 17 on
1809 2896 84 21 labor
1913 2898 47 19 and
1981 2898 219 22 international

1672 2923 95 20 trade.
1808 2925 48 19 See
1877 2925 148 28 MITCHELL,
2048 2928 103 21 DANIEL
2169 2930 28 20 J.
2220 2930 28 21 B.

1649 2955 99 22 Estate
1767 2957 148 27 planning.
1956 2961 50 20 See
2024 2960 132 27 HALBACH,

1682 2985 101 22 EDWARD
1802 2988 44 24 C.,
1870 2988 43 19 JR.
