2350 3308
130 133 44 25 196

131 255 86 20 BROWN,
251 255 120 21 WILFRED
390 254 28 21 H.,
458 254 45 21 ed.

167 283 65 20 This
252 288 48 15 was
321 288 15 15 a
356 288 61 19 man;
442 282 151 24 something
611 282 84 20 about
716 282 47 19 the

203 312 65 20 life
287 313 49 19 and
358 313 79 19 times
458 312 32 20 of
510 312 81 19 Jesse
610 310 152 27 Applegate,

201 346 85 20 wagon
306 342 82 19 train
408 340 117 25 captain,
562 340 81 21 trail
663 341 100 19 blazer,

202 370 152 20 statesman,
391 369 134 25 diplomat,
563 373 64 20 sage
648 370 30 19 of

202 399 148 21 Yoncalla.
390 398 85 21 North
494 398 150 26 Hollywood,
681 399 96 20 Calif.,

202 428 82 20 Camas
306 429 95 19 Press.
443 423 49 24 162
511 432 27 20 p.
576 426 20 20 ©
612 426 117 21 Wilfred

203 456 27 20 H.
254 456 97 25 Brown;
375 457 129 24 15May71;
527 452 116 29 A247735.

127 512 84 21 BROWN
234 510 57 30 (WM.
316 510 45 30 C.)
385 512 43 22 CO.
452 510 180 23 PUBLISHERS.

160 542 137 21 American
314 542 135 25 politics
469 541 49 21 and
538 541 47 19 its
606 540 214 26 interpreters.

195 571 48 20 See
263 570 136 22 REICHMAN,
434 571 96 21 LOUIS.

161 604 101 21 Animal
281 607 132 25 variety.
454 606 47 21 See
522 607 101 20 DILLON,
197 634 134 21 LAWRENCE
351 636 28 20 S.

157 666 221 21 Architectural
399 667 131 24 drawings
552 667 147 25 problems.
740 668 47 20 See

190 695 119 20 ROGNESS,
345 695 103 21 MILTON
466 696 28 20 L.

162 729 185 21 Audiovisual
368 730 164 26 equipment.
572 730 48 20 See
641 731 81 20 OATES,

196 758 119 21 STANTON
334 759 27 21 C.

167 790 83 21 Basic
270 792 81 20 music
375 792 111 20 skills.
526 793 49 20 See
594 792 101 23 DALLIN,
733 794 78 21 LEON.

167 828 81 19 Basic
269 829 83 24 piano
371 829 151 23 technique
543 828 49 19 for
611 827 48 21 the
201 827 561 51 classroom

286 857 130 20 teacher.
458 856 47 20 See
526 855 83 20 STARR,
642 855 134 21 WILLIAM.

166 889 81 20 Cases
269 891 31 19 in
320 891 169 26 elementary
509 893 99 20 school
198 893 597 45 administration.

317 919 49 20 See
386 919 99 21 JARVIS,
523 920 85 20 OSCAR
625 921 28 20 T.

163 950 134 24 Changing
318 951 115 19 student
454 950 147 20 behavior.
642 953 48 19 See
710 952 85 20 BROWN,
196 978 97 21 DUANE.

169 1010 49 20 The
238 1011 81 21 child
340 1013 48 19 and
408 1013 48 20 the
476 1013 117 24 English
613 1013 135 26 language

203 1040 79 20 arts.
323 1041 47 20 See
390 1040 136 22 DONOGHUE,
561 1042 119 21 MILDRED
699 1044 28 19 R.

158 1072 14 20 A
195 1072 64 24 city
280 1073 31 19 in
331 1072 100 20 racial
450 1073 114 20 crisis.
604 1074 48 20 See
674 1075 101 19 GORDON,
195 1101 130 22 LEONARD.

163 1136 152 21 Classroom
335 1137 168 21 evaluation
522 1138 48 19 for
590 1139 147 20 teachers.
197 1165 48 19 See
263 1165 104 21 DIZNEY,
403 1167 95 21 HENRY.

163 1196 202 21 Communicable
386 1197 146 21 diseases.
574 1197 47 20 See
642 1198 119 20 GRISSOM,
195 1225 103 21 DEWARD
316 1226 28 21 K.

159 1253 204 26 Compensatory
380 1255 199 25 programming:
605 1256 46 20 the
672 1257 66 19 acid

193 1281 65 20 test
279 1283 32 19 of
328 1284 138 19 American
483 1283 165 22 education.
689 1286 48 19 See

191 1310 85 21 FROST,
312 1312 50 19 JOE
381 1312 26 20 L.

161 1341 48 19 The
229 1340 185 21 conductor’s
433 1340 149 24 workshop.
623 1339 48 21 See
195 1370 67 19 LONG,
297 1370 30 20 R.
349 1370 96 20 GERRY.

162 1396 132 25 Ecology.
335 1398 47 19 See
403 1397 117 21 LEISNER,
556 1398 102 21 ROBERT
676 1400 30 20 S.

162 1432 171 26 Embryology
354 1433 29 20 of
403 1433 49 20 the
472 1433 83 19 chick
574 1434 50 19 and
642 1435 62 24 pig.
746 1436 47 19 See

198 1460 136 21 HARRISON,
370 1461 83 21 BRUCE
471 1461 29 21 M.

165 1489 221 21 Environmental
405 1489 114 20 health:
543 1493 15 15 a
575 1489 119 25 paradox
714 1490 31 19 of

200 1522 149 21 progress.
390 1519 48 18 See
458 1518 133 19 PHILLIPS,
628 1518 67 21 JOHN,
731 1519 44 19 JR.

173 1552 168 21 Essentials
363 1554 31 19 of
414 1553 163 25 chemistry.
619 1555 48 20 See

207 1580 67 21 MAAS,
310 1581 120 21 MICHAEL
447 1582 29 20 L.

170 1612 167 22 Essentials
358 1613 31 19 of
407 1611 216 26 parasitology.
665 1611 48 20 See

203 1641 85 21 MEYER,
322 1640 102 21 MARVIN
442 1640 28 22 C.

167 1670 169 21 Evaluation
357 1672 31 20 in
407 1672 135 25 physical
562 1673 164 20 education.

202 1700 48 19 See
270 1701 117 20 HASKINS,
423 1701 68 21 MARY
510 1701 79 20 JANE.

165 1732 153 26 Expanding
338 1734 47 20 the
407 1734 76 21 self:
506 1736 136 24 personal
661 1738 101 24 growth

201 1761 49 19 for
269 1763 146 20 teachers.
457 1764 47 20 See
525 1764 50 20 BOY,
609 1765 101 21 ANGELO
729 1768 27 19 V.

166 1793 116 21 General
304 1796 115 24 zoology
439 1795 167 26 laboratory
627 1797 97 25 guide.
765 1798 49 20 See

197 1821 174 22 WODSEDALEK,
406 1823 28 21 J.
455 1824 30 21 E.

170 1856 15 19 A
203 1856 153 26 geography
377 1857 29 19 of
428 1856 163 20 landforms.
632 1858 46 19 See
700 1858 80 21 VANN,
205 1885 67 20 JOHN
290 1886 28 19 H.

190 1909 545 50 A geography of soils. See BASILE, ROBERT M.
171 1966 82 24 Group
272 1972 152 20 processes
445 1969 33 18 in
497 1969 47 19 the
565 1969 163 22 classroom.
206 1994 48 20 See
274 1996 118 20 SCHMUCK,
426 1996 119 21 RICHARD
562 1998 29 20 A.

168 2024 15 19 A
204 2024 83 25 guide
308 2025 30 20 to
358 2026 118 24 library
495 2026 134 20 research
648 2027 32 19 in

203 2053 181 26 psychology.
426 2054 48 21 See
494 2055 68 20 BELL,
597 2055 81 21 JAMES
203 2082 114 22 EDWARD.

176 2113 80 18 Guide
279 2114 32 19 to
330 2113 133 25 problems
484 2114 49 20 and
551 2115 151 25 practices
724 2117 31 19 in

211 2139 82 21 First
311 2141 51 20 Aid
381 2141 49 20 and
450 2142 82 20 Civil
551 2143 131 20 Defense.
723 2145 48 19 See

209 2169 118 21 BRENNAN,
363 2171 119 20 WILLIAM
500 2172 28 20 T.

169 2199 17 21 A
202 2201 85 25 guide
305 2203 33 20 to
358 2204 133 25 teaching
511 2205 129 27 strings.
683 2209 47 20 See

202 2229 68 22 LAMB,
305 2232 112 21 NORMAN.

176 2266 118 27 Guiding
313 2269 167 20 children’s
501 2270 133 27 language
655 2273 145 25 learning.

211 2295 47 20 See
278 2298 67 19 LAMB,
380 2299 68 19 POSE,
485 2299 42 20 ed.

172 2327 100 21 Guitar
293 2329 31 20 in
344 2330 47 19 the
413 2330 164 20 classroom.
618 2330 47 20 See

207 2357 153 20 TIMMERMAN,
394 2357 132 22 MAURINE.

169 2392 84 25 Henry
273 2394 44 24 IV,
339 2394 67 24 part
427 2393 44 20 II.
512 2393 48 19 See
580 2393 186 20 SHAKESPEARE,

201 2421 133 21 WILLIAM.

167 2453 86 24 Henry
269 2455 30 19 V.
339 2454 48 20 See
407 2453 187 21 SHAKESPEARE,
627 2455 132 20 WILLIAM.

167 2487 85 25 Henry
268 2489 82 20 VIII.
390 2489 49 20 See
459 2488 186 22 SHAKESPEARE,
201 2516 132 22 WILLIAM.

171 2546 50 20 The
239 2546 86 20 human
344 2546 64 25 body,
446 2546 48 20 its
515 2546 149 20 structure
686 2546 47 20 and

207 2575 147 21 function.
395 2576 48 19 See
462 2575 154 20 SCHROEDER,
650 2576 117 19 CHARLES
788 2574 28 21 R.

173 2605 202 21 Introduction
394 2607 32 19 to
447 2606 165 19 scientific
633 2607 167 24 geographic

206 2634 147 20 research.
395 2635 48 19 See
462 2635 101 19 HARING,
600 2636 27 19 L.
651 2636 96 20 LLOYD.

172 2668 47 19 Its
240 2667 167 26 discipline
428 2668 48 20 and
497 2668 128 19 content.
667 2670 48 19 See

206 2697 135 21 CULLINAN,
377 2697 118 21 BERNICE
513 2698 27 20 E.

171 2727 100 20 Karate
291 2726 49 19 and
358 2724 136 26 personal
514 2724 129 21 defense.
684 2725 49 19 See

206 2754 50 20 KIM,
291 2754 129 21 DAESHIK.

170 2785 135 26 Keyboard
326 2785 184 26 experiences
531 2785 50 19 for
600 2785 152 20 classroom

207 2813 147 21 teachers.
394 2814 48 19 See
462 2813 119 21 BERNING,
616 2812 84 21 ALICE
718 2814 29 19 B.

171 2847 134 26 Keyboard
323 2847 98 20 music.
461 2846 49 20 See
528 2845 101 21 WEISER,
205 2875 136 23 BERNHARD
359 2877 28 19 D.

176 2905 69 24 King
262 2907 80 19 Lear.
382 2907 49 20 See
450 2906 187 23 SHAKESPEARE,
211 2934 131 21 WILLIAM.

905 242 170 25 Laboratory
1095 240 183 26 experiments
1300 238 31 20 in
1350 238 84 20 motor
942 236 594 62 learning.

1043 271 48 20 See
1111 268 135 22 LOCKHART,
1282 267 117 21 AILEENE
1419 267 27 20 S.

902 307 15 19 A
939 304 168 24 laboratory
1124 300 102 23 manual
1246 300 49 19 for
1314 297 167 22 Essentials

939 334 32 20 of
989 332 165 24 chemistry.
1195 330 47 19 See
1262 328 66 20 MAAS,
1365 327 119 21 MICHAEL
1502 327 28 20 L.

907 366 103 22 Mental
1028 365 100 20 health
1149 365 47 19 and
1215 363 86 21 human
1321 363 146 21 behavior.

945 396 46 19 See
1012 396 100 20 KEEZER,
1148 393 120 21 WILLIAM
1286 393 28 20 S.

908 427 182 22 Motivation.
1133 428 48 19 See
1200 427 120 20 RUSSELL,
1356 428 66 21 IVAN
1442 429 26 20 L.

908 460 50 20 New
978 459 167 21 directions
1166 460 32 18 in
1216 459 96 21 music.
1354 459 48 21 See
1422 461 66 19 COPE,
942 488 97 22 DAVID.

912 518 65 21 Nine
996 523 51 16 men
1066 519 78 25 plus:
1170 518 116 25 Supreme
1306 519 82 21 Court
1410 521 132 24 opinions

947 552 31 15 on
998 548 65 20 free
1084 547 100 25 speech
1203 547 48 20 and
1272 548 65 19 free
1357 553 95 21 press.
1499 548 48 21 See

950 575 101 21 GORDEN,
1087 575 119 21 WILLIAM
1226 576 24 21 I.

912 610 94 26 Omega.
1048 611 48 20 See
1116 610 135 21 ANDERSON,
1289 610 67 21 PAUL
1372 612 28 20 K.

913 644 131 22 Othello.
1085 645 47 21 See
1153 645 186 21 SHAKESPEARE,
1375 647 133 20 WILLIAM.

911 682 133 26 Physcial
1064 684 152 20 education
1236 684 48 20 for
1305 685 47 19 the
1372 687 154 20 classroom

944 712 131 21 teacher.
1116 713 48 19 See
1184 712 150 21 FABRICIUS,
1372 715 96 21 HELEN.

913 745 134 26 Planning
1066 746 118 25 patient
1204 750 79 16 care.
1324 746 47 21 See
1393 747 81 20 LEWIS,
946 774 114 21 LUCILE.

908 809 165 21 Pollution.
1115 810 47 18 See
1182 808 118 20 LEISNER,
1336 809 100 21 ROBERT
1456 810 27 21 S.

914 843 169 25 Population
1103 843 49 20 and
1172 843 78 21 food.
1293 843 46 20 See
1360 844 118 21 LEISNER,
949 873 100 21 ROBERT
1069 874 27 20 S.

905 907 16 19 A
942 905 151 25 practical
1113 906 147 20 rhetoric.
1300 907 49 19 See
1369 908 103 20 HURLEY,
940 936 80 21 JOHN.

912 965 185 25 Psychiatric
1117 967 130 24 nursing.
1288 969 49 20 See
1356 970 134 22 MERENESS,
945 994 132 22 DOROTHY.

920 1021 220 26 Psychological
1160 1025 133 21 services
1315 1027 31 19 in
1365 1029 48 20 the
1434 1030 131 23 schools:

954 1050 133 26 readings
1109 1051 31 21 in
1158 1055 188 24 preparation,
954 1057 561 42 organization
1039 1081 48 19 and

1106 1082 149 24 practice.
1296 1085 49 19 See
1363 1087 81 23 HOLT,
952 1107 68 21 FRED
1037 1110 30 20 D.

909 1141 117 21 Richard
1047 1142 45 21 II.
1134 1143 47 21 See
1201 1144 187 22 SHAKESPEARE,
943 1170 132 21 WILLIAM.

915 1200 82 25 Rugby,
1035 1200 49 21 the
1102 1201 131 25 players’
1257 1206 78 20 game.
1377 1204 48 19 See
1445 1204 67 20 REID,
949 1229 27 20 J.
1000 1229 96 21 GAVIN.

911 1258 49 19 The
981 1258 152 24 secondary
1153 1258 98 20 school
1271 1258 152 26 principal
1443 1259 32 19 in

945 1286 114 21 action.
1099 1287 49 19 See
1167 1285 86 24 KRAFT,
1288 1286 119 21 LEONARD
1423 1288 29 20 E.

907 1318 152 22 Simulated
1077 1320 170 21 behavioral
1269 1321 133 27 teaching
943 1321 560 48 situations.

1078 1349 48 19 See
1146 1349 84 20 HEARN,
1266 1350 85 20 EDELL
1367 1352 31 20 M.

917 1377 102 26 Speech
1037 1377 232 22 communication.
1311 1379 47 21 See
1380 1379 99 21 BROOKS,

950 1407 120 22 WILLIAM
1088 1409 29 20 D.

912 1444 100 25 Speech
1032 1444 220 20 communication
1270 1444 50 20 via
1340 1444 82 21 radio
1443 1445 46 20 and

945 1473 182 21 television.
1169 1474 48 19 See
1237 1473 118 21 STARLIN,
1391 1475 96 19 GLENN.

907 1509 118 21 Student
1044 1510 149 19 activism.
1234 1511 48 20 See
1301 1511 85 21 KNOTT,
1424 1512 67 20 PAUL
1506 1512 30 21 D.

910 1543 307 22 Student-structured
1237 1545 134 26 learning
1391 1547 30 19 in
946 1545 544 50 science.

1065 1574 47 19 See
1131 1573 136 21 MATTHEWS,
1305 1574 116 21 CHARLES
1441 1574 28 22 C.

914 1601 115 20 Student
1049 1603 137 19 workbook
1204 1602 33 20 to
1256 1608 151 21 accompany
948 1603 562 49 Introduction

1084 1633 32 19 to
1136 1633 66 19 data
1220 1633 182 26 processing.
1443 1637 48 19 See
947 1663 134 21 FEINGOLD,
1117 1664 78 21 CARL.

909 1690 49 17 The
978 1690 118 19 teacher
1116 1695 30 14 as
1167 1694 15 15 a
1199 1694 115 21 person.
1355 1691 47 21 See

943 1716 153 22 NATALICIO,
1132 1718 66 21 LUIZ
1217 1719 28 21 F.
1269 1719 28 21 S.

909 1750 150 20 Teacher's
1080 1751 83 25 guide
1182 1751 33 21 to
1234 1757 149 21 accompany
945 1751 594 49 Student-structured

1131 1780 135 24 learning
1286 1779 31 20 in
1337 1781 115 20 science,
1491 1786 14 15 a
943 1811 118 22 program
1081 1809 48 20 for
1148 1809 49 20 the
1217 1810 166 25 elementary

1406 1811 97 20 school
943 1836 131 22 teacher.
1115 1838 47 19 See
1180 1838 120 20 MATTHEW,
1336 1838 116 21 CHARLES
1474 1839 26 21 C.

922 1873 135 25 Teaching
1078 1875 150 24 secondary
1249 1875 99 20 school
1369 1877 60 20 art.
1472 1877 47 19 See

956 1902 153 21 LINDERMAN,
1144 1903 69 20 EARL
1231 1904 27 21 W.

912 1934 135 25 Teaching
1066 1934 48 20 the
1135 1934 133 23 language
1289 1933 64 19 arts
1374 1933 32 19 in
1426 1932 47 20 the

945 1929 596 60 elementary
1084 1963 113 20 school.
1238 1962 47 20 See
1304 1961 137 21 DALLMANN,
946 1992 114 22 MARTHA.

921 2024 48 19 The
989 2025 116 21 theatre
1127 2027 47 20 and
1195 2028 47 20 its
1263 2028 94 20 drama.
1400 2030 47 19 See
1468 2030 50 20 CULP.
954 2051 85 22 RALPH
1057 2053 112 22 BORDEN.

914 2084 84 21 Track
1018 2087 47 19 and
1086 2087 81 20 field
1188 2087 166 26 techniques
1376 2090 49 19 for
1444 2089 81 26 girls

950 2113 45 21 and
1016 2119 96 16 women.
1153 2115 49 21 See
1222 2116 117 21 FOREMAN,
1374 2119 63 19 KEN.

918 2145 219 27 Understanding
1158 2146 144 22 students'
1327 2148 148 21 behavior.

953 2175 48 20 See
1019 2176 154 20 NATALICIO,
1208 2177 66 19 LUIZ
1293 2177 28 20 F.
1345 2177 27 21 S.

914 2200 135 21 Venereal
1068 2202 131 21 disease.
1239 2204 49 19 See
1307 2205 114 26 BENDER,
1445 2206 132 21 STEPHEN.

913 2232 169 26 Volleyball
1104 2235 48 19 for
1172 2236 114 20 coaches
1308 2237 48 20 and
1377 2238 146 21 teachers.

949 2261 48 20 See
1017 2262 151 22 SCHAAFSMA,
1205 2264 130 21 FRANCES.

912 2296 49 20 The
980 2296 134 21 winter's
1135 2298 78 19 tale.
1254 2297 48 20 See
1323 2297 186 21 SHAKESPEARE,
945 2324 132 22 WILLIAM.

915 2353 137 23 Workbook
1071 2358 31 19 of
1121 2360 117 21 weather
1255 2366 82 21 maps.
1377 2365 49 20 See
948 2382 103 22 HIDORE,
1087 2386 65 21 JOHN
1172 2388 29 21 J.

936 2414 31 17 The
987 2414 96 22 world:
1108 2419 115 20 context
1245 2421 48 20 for
1312 2423 134 28 teaching
1466 2428 32 19 in

954 2441 47 20 the
1022 2444 168 27 elementary
1210 2449 111 21 school.
1364 2454 46 19 See
1430 2456 81 21 KING.
953 2470 83 21 EDITH
1054 2473 28 20 W.

919 2498 117 26 Writing
1058 2501 166 20 scientific
1243 2507 101 21 papers
1365 2507 45 19 and

955 2528 129 23 reports.
1125 2529 49 20 See
1192 2531 84 20 JONES,
1311 2533 29 20 W.
1365 2535 78 22 PAUL.

893 2581 85 21 BROWN
999 2580 58 30 (WM.
1081 2581 45 31 C.)
1150 2585 44 22 CO.,
1237 2588 178 24 PUBLISHERS.
1458 2593 47 21 See

927 2611 135 22 AMERICAN
1080 2615 165 22 EDUCATION.

889 2675 84 20 BROWN,
1007 2676 120 21 WILLIAM
1144 2678 29 20 E.

926 2702 150 28 [REGIONAL
1094 2703 78 27 AREA]
1196 2707 86 20 LEGAL
1298 2707 166 23 DIRECTORY.

926 2737 101 21 UNITED
1045 2738 100 21 STATES
1164 2739 117 22 LAWYERS
1301 2742 152 22 REFERENCE
958 2765 153 23 DIRECTORY,
1147 2767 79 25 1971.

895 2819 83 19 BROWN,
1013 2820 120 20 WILLIAM
1150 2820 80 21 HILL.

929 2848 49 19 The
996 2854 84 20 power
1101 2848 32 21 of
1153 2849 134 25 sympathy,
1322 2849 34 25 by
1373 2850 120 19 William
1510 2849 67 21 Hill

962 2877 96 21 Brown.
1101 2878 47 20 The
1169 2877 132 24 Coquette,
1339 2877 33 26 by
1390 2879 102 19 Hannah
1509 2878 29 21 W.

963 2905 112 22 Foster.
1117 2905 99 21 Edited
1237 2906 49 19 for
1306 2906 48 20 the
1373 2907 66 20 modern
1494 2906 99 20 reader

961 2934 33 25 by
1013 2935 119 20 William
1152 2935 26 20 S.
1203 2935 129 20 Osborne.
1373 2936 50 19 New
1442 2936 84 19 Haven,

1704 233 116 25 College
1841 233 16 19 &
1874 228 172 24 University
2065 227 94 20 Press.
2202 223 49 23 272
2268 228 28 21 p.

1708 258 199 30 (Masterworks
1927 258 32 20 of
1979 255 168 23 literature
2169 252 112 26 series)

1703 291 47 22 NM:
1775 288 149 23 revisions,
1963 283 185 22 annotations
2168 283 16 19 &
2203 281 99 20 introd.

1703 320 19 20 ©
1740 319 117 23 College
1877 316 17 20 &
1911 312 171 25 University
2101 313 81 19 Press
1706 308 564 62 Services,

1811 347 60 19 Inc.;
1913 341 116 28 13Apr71
2053 338 46 29 (in
2117 338 114 22 notice:
1709 373 94 29 1970);
1827 368 130 29 A244825.

1607 426 85 21 BROWN,
1726 426 122 20 WILLIAM
1865 425 28 21 J.

1642 452 153 23 Practical
1812 454 67 25 help
1900 453 49 20 for
1969 452 134 26 teaching
2123 453 46 20 the

1675 483 98 21 Bible.
1813 482 152 21 Nashville,
2001 481 136 21 Broadman
2156 482 97 21 Press.

1675 513 31 23 55
1727 518 29 20 p.
1794 511 20 20 ©
1830 512 136 20 Broadman
1985 511 96 25 Press;
2102 511 116 25 3May71;
1675 536 133 29 A247518.

1617 590 85 20 BROWN,
1736 591 122 20 WILLIAM
1874 590 149 22 LAWRENCE.

1652 619 48 19 The
1722 618 150 21 influence
1895 619 29 20 of
1944 620 219 21 environmental
2182 621 49 20 and

1686 647 135 21 chemical
1843 648 165 20 treatments
2030 653 33 15 on
2081 649 118 21 lateral

1686 676 49 20 bud
1755 677 186 26 development
1960 678 48 19 and
2030 677 83 21 other
1688 677 596 49 characteristics

1808 706 30 19 of
1857 705 131 21 azaleas.
2027 706 53 19 Ann
2095 707 85 20 Arbor,
1686 733 170 26 University
1873 734 170 20 Microfilms
2063 735 118 26 Library

1687 761 132 21 Services
1846 760 92 29 (1202)
1976 763 166 22 Microfilm.
1686 759 614 52 (Doctoral

1739 791 204 20 dissertation
1962 788 114 30 series)
2113 792 20 20 ©
2147 793 121 20 William

1687 819 133 20 Lawrence
1842 821 96 22 Brown;
1962 820 129 25 29Jan71;
2113 817 132 25 A228400.

1610 874 82 20 BROWN,
1727 876 121 20 WILLIAM
1867 877 28 21 R.

1642 904 183 25 Imagemaker:
1846 906 69 20 Will
1935 906 99 24 Rogers
2055 907 47 20 and
2126 908 44 20 the

1675 932 137 21 American
1832 935 96 19 dream.
1967 935 170 27 University
2157 937 32 20 of

1675 959 597 30 Missouri Press. 304 p. © Curators
1677 990 32 18 of
1731 991 44 19 the
1797 991 169 24 University
1986 991 31 19 of
2035 991 135 22 Missouri;

1676 1017 131 26 21Dec70;
1829 1016 133 27 A212304.

1613 1064 85 22 BROWN,
1732 1068 121 21 WILLIAM
1869 1068 30 22 T.

1648 1096 33 20 An
1699 1097 134 26 approach
1854 1099 31 19 to
1905 1099 218 25 comprehensive
2146 1101 64 19 oral

1680 1126 101 21 health
1803 1132 79 15 care.
1922 1127 49 21 See
1989 1128 84 20 BURNS,
2110 1130 101 20 ROBERT
2231 1130 27 20 L.

1615 1178 102 20 BROWNE,
1754 1179 134 20 CAROLINE
1908 1179 114 21 MURRAY.

1651 1206 48 19 The
1719 1206 119 26 English
1857 1207 48 19 and
1926 1207 47 19 the
1996 1211 47 16 sea,
2079 1208 33 25 by
2131 1209 27 20 C.
2181 1210 102 23 Murray

1685 1235 113 21 Browne.
1840 1235 82 22 Paris,
1959 1236 148 22 Hachette.
2147 1234 32 24 62
2199 1243 27 19 p.

1689 1260 96 31 (Facts
1805 1265 48 20 and
1874 1264 117 21 fiction
2012 1265 31 20 in
2063 1270 66 21 easy
2146 1264 133 29 English)

1682 1292 19 20 ©
1718 1293 151 21 Librairie
1889 1294 149 25 Hachette;
2060 1295 83 24 30Dec70;
1752 1319 97 28 AF0-65230.

1619 1373 102 21 BROWNE,
1757 1376 61 21 DIK.

1652 1404 82 20 Most.
1774 1406 47 20 See
1841 1406 102 21 WALKER,
1977 1408 82 21 MORT.

1608 1454 101 22 BROWNE,
1744 1457 114 22 GORDON.
1899 1458 48 22 See

1639 1483 171 23 ADVENTURES
1830 1486 34 21 IN
1880 1487 86 21 WORLD
1984 1489 181 22 LITERATURE.

1615 1545 100 21 BROWNE,
1753 1548 94 21 HARRY.

1649 1574 99 22 Buckle
1767 1582 46 19 up.
1853 1577 49 21 See
1921 1579 104 20 MANION
2043 1581 94 22 FORUM.
1682 1600 113 30 No.829.

1650 1631 50 20 How
1720 1633 64 21 does
1806 1635 30 19 it
1855 1635 67 21 look
1941 1637 51 21 for
2010 1638 49 20 the
2079 1639 113 22 dollar.

1683 1661 48 21 See
1751 1663 120 22 BUCKLEY,
1904 1665 121 21 WILLIAM
2042 1668 28 19 F.,
2111 1670 44 20 JR.

1681 1690 102 27 Firing
1802 1692 80 21 line.
1923 1694 112 21 No.214.

1645 1723 153 26 Thwarting
1817 1726 48 19 the
1886 1726 150 25 three-way
2056 1728 114 21 threat.
2210 1729 49 21 See

1678 1752 103 21 MANION
1800 1754 96 21 FORUM.
1936 1751 115 29 No.832.

1606 1806 103 20 BROWNE,
1744 1808 99 21 MERRY.
1882 1808 49 21 See
1949 1809 172 22 MCLAUGHLIN,
2156 1812 84 20 MERRY
1642 1835 113 22 BROWNE.

1607 1883 101 20 BROWNE
1732 1881 110 29 (MERRY)
1865 1885 152 21 INSTITUTE
2037 1886 32 20 OF
2088 1887 136 21 ONTOLOGY,

1642 1913 50 19 NEW
1710 1914 101 21 ALBANY,
1849 1915 61 21 IND.
1950 1914 49 20 See
2019 1915 85 22 MERRY
2121 1916 102 21 BROWNE

1643 1942 151 22 INSTITUTE
1813 1944 33 20 OF
1864 1944 137 21 ONTOLOGY,
2036 1945 51 20 NEW
2104 1947 113 24 ALBANY,
2242 1946 58 22 IND.

1606 1986 102 21 BROWNE,
1743 1987 51 21 RAY
1811 1987 29 22 B.

1639 2016 69 20 Mark
1725 2017 117 21 Twain’s
1863 2017 118 25 quarrel
1999 2017 67 20 with
2084 2019 116 20 heaven:

1675 2046 117 25 Captain
1811 2046 201 21 Stormfield's
2033 2046 84 21 visit
2137 2048 31 19 to
2187 2048 101 20 heaven

1675 2075 46 20 and
1743 2076 84 20 other
1847 2076 146 20 sketches.
2034 2076 48 20 See
2103 2077 116 20 CLEMENS,

1675 2104 102 21 SAMUEL
1795 2105 165 21 LANGHORNE.

1603 2150 101 20 BROWNE,
1739 2153 137 21 WILLIARD
1895 2155 29 21 L.

1636 2179 101 26 Lyrics
1758 2182 49 20 for
1826 2183 66 20 love
1913 2188 82 20 songs,
2032 2185 32 24 by
2084 2187 64 20 Karl

1671 2208 83 22 Fisks
1776 2211 31 19 II,
1842 2212 98 24 pseud.
1982 2212 118 23 Phoenix,
2135 2216 15 19 B
2167 2217 16 18 &
2204 2217 15 19 F

1672 2237 61 22 Pub.
1757 2239 45 21 Co.
1841 2234 35 30 34
1915 2254 8 8 l.
1959 2241 19 21 ©
1997 2241 66 21 Karl
2083 2243 81 21 Fisks
2187 2245 43 20 II:

1671 2266 130 26 17Mar71;
1824 2268 132 26 A225501.

1606 2324 135 23 BROWNELL,
1775 2327 68 20 ADON
1862 2328 28 21 H.

1637 2355 223 21 Architectural
1879 2357 134 20 hardware
2035 2358 235 25 specifications

1672 2383 148 22 handbook.
1862 2384 49 21 1st
1930 2385 44 21 ed.
2015 2385 204 27 Philadelphia,

1672 2412 118 21 Chilton
1809 2413 67 20 Book
1896 2414 43 21 Co.
1981 2414 48 23 171
2048 2420 28 19 p.
2115 2417 19 19 ©
2150 2416 68 20 Adon
2237 2416 27 21 H.

1672 2441 147 26 Brownell;
1842 2442 132 27 30Apr71;
1996 2440 132 28 A236075.

1592 2487 136 23 BROWNELL,
1762 2491 29 20 F.
1814 2490 28 21 R.

1625 2517 169 22 Gunsmith’s
1815 2520 134 24 rebluing
1969 2521 146 25 supplies.
2156 2523 48 20 See

1661 2546 167 22 BROWNELL’S,
1867 2548 60 21 INC.

1591 2603 136 24 BROWNELL,
1762 2607 84 22 FRANK
1865 2610 27 20 R.,
1934 2610 14 21 III

1625 2634 167 24 Gunsmith's
1813 2639 135 25 rebluing
1968 2642 145 24 supplies.
2155 2644 48 21 See

1659 2664 167 22 BROWNELL'S,
1866 2668 59 21 INC.

1598 2721 137 25 BROWNELL,
1771 2728 82 20 JAMES
1871 2729 131 23 RICHARD.

1632 2753 221 28 Geobiological
1873 2758 166 22 influences
2060 2766 33 16 on
2111 2764 117 20 natural

1666 2783 252 24 redistributions
1940 2788 31 19 of
1991 2789 135 22 rubidium
2145 2793 132 21 relative

1667 2811 30 19 to
1716 2813 154 24 potassium
1890 2815 30 21 in
1938 2817 100 24 plants
2058 2820 48 20 and
2128 2822 96 21 soils.

1664 2839 51 20 Ann
1732 2842 84 21 Arbor,
1852 2844 169 27 University
2039 2847 170 23 Microfilms

1665 2868 117 27 Library
1801 2872 147 22 Services.
1987 2875 167 24 Microfilm.

1669 2893 146 30 (Doctoral
1835 2900 203 23 dissertation
2057 2903 113 30 series)

1661 2924 563 34 © James Richard Brownell; 31Dec70; A213758.
