2363 3342
2119 141 58 27 1417

33 276 169 25 UNIVERSITY
220 274 34 20 OF
271 272 131 27 GEORGIA,
423 271 116 22 ATHENS.
579 270 103 21 CENTER

67 307 50 21 FOR
136 303 169 23 CONTINUING
324 300 164 24 EDUCATION.

67 338 49 20 New
136 332 167 23 directions
324 331 30 20 in
374 334 100 21 campus
495 329 51 20 law
100 328 579 56 enforcement.
221 362 49 20 See
290 359 80 27 SIMS,
392 359 28 21 O.
444 356 131 29 SUTHERN,
597 356 63 27 JR.,
684 355 43 21 ed.

32 409 167 24 UNIVERSITY
217 409 34 21 OF
270 407 129 27 GEORGIA,
423 406 114 25 ATHENS.
578 405 118 23 COLLEGE

64 440 34 21 OF
114 438 136 22 BUSINESS
270 436 250 25 ADMINISTRATION.
560 435 136 23 DIVISION

63 469 35 20 OF
117 466 146 23 RESEARCH.

65 494 253 24 Characteristics
338 493 31 20 of
390 492 201 23 out-of-state

100 528 129 19 campers.
271 524 48 20 See
336 521 132 26 KEELING,
490 521 120 22 WILLIAM
627 522 30 21 B.

78 562 49 21 The
147 561 119 25 Georgia
285 560 93 22 coast:
405 560 97 22 issues
525 561 48 20 and
591 562 119 24 options

113 590 49 20 for
181 589 181 22 recreation.
404 589 48 21 See
472 588 130 29 CLEMENT,

112 618 118 21 CHARLES
249 618 26 20 D.

65 651 133 26 Georgia:
220 653 82 20 gross
324 648 81 21 State
426 648 116 25 product
564 647 48 21 and

101 679 217 26 productivity,
341 673 130 30 195068.
511 677 50 21 See
581 677 98 25 NIEMI,

100 712 100 20 ALBERT
219 711 48 25 W.,
289 710 47 20 JR.

37 770 173 23 UNIVERSITY
227 769 32 21 OF
278 768 131 28 GEORGIA,
432 768 113 22 ATHENS.

74 800 153 22 INSTITUTE
244 800 33 20 OF
296 799 102 21 HIGHER
415 797 165 23 EDUCATION.

73 829 117 26 College
210 825 252 24 administration:
485 825 133 26 concepts
639 826 48 19 and

108 857 181 25 techniques.
330 856 48 21 See
397 855 132 28 FELTNER,
553 855 67 21 BILL

107 888 47 24 D.,
177 886 44 21 ed.

41 939 172 24 UNIVERSITY
230 939 34 20 OF
280 937 118 22 GEORGIA
420 937 95 22 PRESS.

75 971 65 21 Free
160 973 83 22 press
264 969 48 20 and
334 967 64 21 fair
418 967 97 21 trial:
540 971 64 17 some

110 998 168 21 dimensions
299 998 32 20 of
351 997 48 19 the
417 996 133 26 problem.
590 995 49 20 See

111 1027 131 26 SIEBERT,
266 1025 67 21 FRED
351 1026 27 21 S.

39 1097 172 22 UNIVERSITY
228 1096 34 20 OF
279 1094 96 27 GHANA,
400 1094 96 22 LEGON.
538 1093 78 22 DEPT.
640 1093 33 21 OF

74 1125 166 23 ECONOMICS.

75 1154 118 23 Deficit
214 1152 163 27 financing,
402 1151 152 22 inflation
573 1150 49 21 and

111 1181 115 27 capital
247 1180 164 21 formation.
452 1180 50 20 See
520 1180 99 25 AHMAD,

108 1211 114 21 NASEEM.

37 1266 173 24 UNIVERSITY
227 1265 32 21 OF
278 1262 148 23 HARTFORD.

72 1296 134 25 Readings
228 1294 32 19 in
279 1292 65 21 land
364 1289 113 22 reform.
519 1290 47 20 See
586 1288 64 25 LIN,

107 1326 79 26 SEIN,
211 1324 44 21 ed.

35 1383 169 24 UNIVERSITY
225 1382 31 20 OF
275 1380 115 27 HAWAII,
412 1379 148 21 HONOLULU.
599 1377 87 20 ASIAN

68 1414 118 21 STUDIES
207 1411 130 23 PROGRAM.

68 1440 187 24 Educational
275 1439 100 26 theory
396 1438 31 20 in
446 1437 47 21 the
516 1435 134 27 People's

102 1471 136 26 Republic
259 1470 31 21 of
311 1468 94 22 China:
429 1467 48 21 the
498 1466 100 26 report
619 1464 31 21 of

105 1501 101 21 Ch'ien
226 1498 147 26 Chun-jui.
414 1498 47 20 See
483 1496 115 25 CH'IEN,

105 1530 148 22 CHUN-JUI.

72 1568 102 25 Survey
193 1565 32 21 of
245 1563 167 22 historical
433 1566 99 17 source
552 1559 152 22 materials

107 1596 32 19 in
159 1594 66 21 Java
244 1593 48 21 and
313 1592 113 21 Manila.
467 1590 49 20 See
533 1589 52 20 VAN
603 1588 82 26 NIEL,

106 1623 116 22 ROBERT.

39 1679 172 22 UNIVERSITY
229 1678 34 20 OF
280 1676 98 21 HAWAII
399 1674 99 23 PRESS.

74 1710 49 20 The
144 1708 135 21 children
299 1707 30 20 of
348 1706 98 20 Kauai.
486 1703 48 20 See
552 1702 117 27 WERNER,

109 1739 70 20 EMMY
195 1736 29 23 E.

81 1769 84 22 Chrau
184 1772 131 22 grammar.
354 1767 49 21 See
424 1766 114 27 THOMAS,
560 1765 85 22 DAVID
663 1766 30 20 D.

80 1813 100 25 Essays
202 1816 33 16 on
254 1808 100 22 Indian
373 1806 183 27 philosophy.
598 1805 48 19 See

117 1839 131 26 SAKSENA,
272 1837 65 22 SHRI
357 1835 131 22 KRISHNA.

79 1880 136 24 Humanity
235 1879 47 19 and
304 1877 146 25 divinity.
492 1875 48 20 See
560 1874 132 26 DEUTSCH,

113 1908 98 21 ELIOT.

78 1941 118 21 Journal
217 1940 31 19 of
269 1945 14 15 a
304 1939 149 21 residence
476 1937 30 20 in
527 1937 47 20 the
112 1936 549 54 Sandwich
200 1969 131 25 Islands,
354 1967 103 25 during
475 1966 48 20 the
543 1970 83 21 years
648 1960 79 30 1823,

116 1994 78 29 1824,
219 1998 47 20 and
288 1991 76 30 1825.
407 1997 48 20 See
476 1995 131 26 STEWART,
630 1995 29 21 C.
682 1994 28 21 S.

83 2044 15 21 A
117 2041 189 23 motif-index
325 2039 31 21 of
376 2036 185 22 traditional
118 2033 532 59 Polynesian
238 2068 183 22 narratives.
462 2066 48 19 See
529 2062 133 26 KIRTLEY,

120 2101 85 21 BACIL
222 2100 28 20 F.

83 2137 32 21 Na
134 2137 66 20 mele
221 2140 14 14 o
255 2129 117 25 Hawai'i
391 2132 63 19 nei.
495 2129 49 20 See
562 2126 117 27 ELBERT,

118 2164 102 22 SAMUEL
237 2164 29 20 H.

77 2199 169 27 Philippine
265 2196 83 22 minor
368 2194 164 24 languages:
555 2187 68 22 word

113 2230 83 21 lists
217 2227 48 21 and
285 2222 199 28 phonologies.
525 2220 48 20 See
592 2217 82 25 REID,

113 2257 136 22 LAWRENCE
269 2257 45 24 A.,
336 2253 46 22 ed.

83 2292 137 28 Planning
239 2289 201 23 Micronesia's
463 2287 113 20 future.
617 2285 48 20 See

120 2322 114 26 OLIVER,
255 2319 119 23 DOUGLAS
393 2319 47 25 L.,
463 2317 43 20 ed.

45 2375 172 26 UNIVERSITY
237 2373 33 23 OF
287 2370 131 25 HOUSTON.

81 2406 97 27 Graid,
203 2411 13 14 a
237 2401 151 28 graphical
409 2400 46 20 aid
477 2396 136 26 computer

118 2435 146 26 language.
306 2431 47 21 See
372 2427 150 26 DONAGHEY,
547 2423 116 23 CHARLES
683 2422 28 21 E.

93 2469 95 27 Quasi,
213 2465 133 24 solution
367 2464 31 21 of
416 2459 172 29 multipoint

125 2497 138 24 boundary
280 2494 84 21 value
383 2491 136 27 problems
540 2489 32 20 of
127 2487 547 60 quasilinear
247 2521 203 24 differential
471 2516 167 27 equations.

128 2556 46 20 See
195 2553 115 26 CHILDS,
333 2550 79 22 BART.

53 2616 172 23 UNIVERSITY
243 2615 34 21 OF
295 2613 148 23 ILLINOIS.
484 2611 85 20 BOARD
588 2609 32 20 OF

88 2646 149 23 TRUSTEES.

88 2675 48 22 The
157 2672 155 26 affecting
329 2674 148 23 presence:
501 2672 33 16 an
554 2671 82 21 essay
657 2666 32 20 in

123 2702 170 22 humanistic
313 2699 217 27 anthropology.
571 2698 49 20 See

125 2732 165 27 ARMSTRONG,
313 2729 102 22 ROBERT
435 2727 96 23 PLANT.

92 2771 84 22 Black
197 2773 95 22 rover,
317 2770 65 17 come
402 2768 67 17 over!
506 2762 47 20 the
574 2761 100 25 bypno-

128 2797 134 28 symbolic
283 2794 148 22 treatment
455 2791 31 21 of
506 2795 14 15 a
539 2788 114 27 phobia.

129 2829 48 20 See
197 2827 81 27 MOSS,
302 2826 27 20 C.
351 2822 98 22 SCOTT.

99 2865 101 21 Brecht
222 2863 48 20 and
292 2863 128 20 Ionesco:
446 2856 168 24 commitment
635 2857 32 19 in

136 2893 130 21 context.
309 2892 46 20 See
375 2888 132 27 WULBERN,
530 2886 103 21 JULIAN
650 2886 29 19 H.

92 2932 149 23 Bulletin.
282 2930 49 21 See
349 2925 172 23 UNIVERSITY
540 2925 33 20 OF

130 2960 148 26 ILLINOIS,
300 2957 113 22 URBANA.
455 2951 187 24 ENGINEERING

130 2988 170 23 EXPERIMENT
318 2985 130 23 STATION.

834 263 50 20 The
905 261 151 23 coccidian
1073 260 152 26 parasites
1248 256 163 31 (protozoa,

871 288 147 30 sporozoa)
1042 290 31 20 of
1094 288 163 21 ruminants.
1298 287 47 19 See

872 320 112 27 LEVINE,
1007 319 101 21 NORMAN
1124 318 30 22 D.

823 355 113 26 Dreams,
961 354 111 26 images,
1095 354 48 20 and
1164 352 132 26 fantasy:
1318 356 15 14 a
857 354 580 51 semantic
926 382 202 23 differential
1147 381 147 21 casebook.
1336 379 47 21 See

857 413 82 26 MOSS,
962 413 27 21 C.
1012 411 95 22 SCOTT.

830 448 147 27 Epilogue:
1002 448 77 25 1970.
1120 448 49 20 See
1188 447 98 26 VINES,

863 477 122 23 KENNETH
1001 478 27 21 N.

829 508 101 24 Essays
950 512 32 15 on
1002 507 134 21 cellular
1153 507 149 21 automata.
1343 508 49 21 See

864 537 96 26 BURKS,
985 537 101 21 ARTHUR
1103 537 44 25 W.,
1173 536 43 21 ed.

836 564 100 28 Essays
957 572 33 15 on
1009 568 82 22 other
1108 569 99 23 minds.
1247 572 48 19 See
1315 572 102 21 BUFORD,

870 594 100 23 THOMAS
1011 612 22 11 O.,
1058 598 45 20 ed.

831 631 48 20 The
900 632 83 21 ethos
1004 633 31 20 of
1052 632 189 22 Restoration
1259 634 115 27 comedy.
1414 635 47 21 See

866 658 166 29 SCHNEIDER,
1053 661 51 20 BEN
1120 660 83 27 ROSS,
1227 663 43 20 JR.

837 700 49 20 The
908 698 182 27 expeditions
1112 698 30 19 of
1163 696 65 21 John
1248 694 116 22 Charles

871 728 131 22 Fremont.
1042 727 49 21 See
1111 725 131 26 JACKSON,
1265 724 114 21 DONALD.

832 766 68 19 From
918 764 65 20 riot
1005 765 30 18 to
1055 767 112 17 reason.
1208 763 49 19 See
1277 762 131 28 JOHNSON,

866 793 85 21 ELDON
970 794 28 22 L.

834 825 50 20 The
904 824 100 22 future
1022 825 32 20 of
1073 824 49 19 the
1143 823 82 21 state
1242 822 185 27 university.

868 854 49 21 See
937 853 146 27 THACKREY,
1106 853 120 21 RUSSELL
1245 853 26 20 I.

835 887 102 22 Gibbon
955 888 49 20 and
1022 887 49 21 his
1090 888 85 19 Roman
1193 886 114 24 Empire.
1348 886 49 21 See

869 918 115 27 JORDAN,
1006 917 84 21 DAVID
1108 917 27 20 P.

833 956 50 20 The
902 955 84 25 golden
1018 953 119 23 moment.
1178 954 48 20 Pee
1246 953 96 27 STERN,

867 984 103 21 MILTON
988 984 26 21 R.

832 1019 83 25 Henry
935 1017 132 22 Cantwell
1086 1015 118 21 Wallace
1226 1021 30 14 as
1277 1014 153 27 Secretary

867 1048 32 19 of
917 1045 198 27 Agriculture,
1140 1040 165 29 1921-1924.
1346 1044 47 19 See

864 1075 133 27 WINTERS,
1017 1074 102 21 DONALD
1140 1075 25 19 L.

835 1110 135 26 Heritage
989 1111 32 20 of
1037 1111 115 26 plenty.
1194 1111 49 20 See
1262 1111 133 27 GUITHER,

870 1139 100 22 HAROLD
988 1140 27 21 D.

836 1175 48 20 The
905 1172 235 23 Ibero-American
1162 1169 233 27 enlightenment.

870 1204 47 19 See
938 1201 147 26 ALDRIDGE,
1107 1200 29 22 A.
1160 1200 81 26 OWEN,
1264 1199 45 21 ed.

838 1239 33 19 In
889 1239 49 20 the
957 1239 82 20 hands
1059 1238 33 20 of
1110 1243 50 16 our
1180 1238 130 21 enemies.
1351 1240 50 20 See

873 1268 112 27 CURLEY,
1009 1269 112 22 DANIEL.

842 1301 49 21 The
912 1299 186 26 interregnum
1116 1299 32 19 of
1169 1298 130 25 despair:
1322 1296 114 26 Hoover,

878 1329 145 26 Congress,
1049 1328 47 20 and
1116 1327 48 20 the
1185 1325 184 26 depression.
1409 1325 47 20 See

877 1358 132 27 SCHWARZ,
1031 1356 102 22 JORDAN
1150 1357 29 20 A.

835 1393 82 20 Islam
938 1392 45 21 and
1005 1392 46 20 its
1073 1391 133 21 cultural
1227 1391 182 26 divergence.

868 1422 48 21 See
935 1422 96 27 TIKKU,
1054 1421 136 22 GIRDHARI
1208 1421 46 25 L.,
1279 1420 43 21 ed.

832 1465 65 20 John
916 1464 136 21 Banister
1071 1463 47 20 and
1138 1462 49 21 his
1207 1461 119 21 natural
1345 1460 120 26 history

868 1494 31 19 of
916 1491 149 27 Virginia,
1088 1487 166 28 1678-1692.
1295 1490 49 20 See

867 1521 79 27 EWAN,
969 1520 113 22 JOSEPH.

831 1558 134 26 Language
986 1558 47 19 and
1053 1557 168 25 psychology
1243 1555 31 21 in
1294 1555 101 25 Pepita

866 1586 131 23 Jimenez.
1037 1586 47 20 See
1103 1584 82 27 LOIT,
1207 1583 103 22 ROBERT
1327 1584 30 20 E.

842 1624 169 26 Leadership
1030 1623 32 21 of
1081 1623 48 20 the
1148 1622 137 21 American
1304 1621 118 20 Zionist

877 1652 214 28 Organization,
1115 1647 165 29 1897-1930.
1321 1650 50 20 See

877 1681 131 28 SHAPIRO,
1027 1681 149 22 YONATHAN.

838 1718 118 21 Mammals
978 1716 32 21 of
1028 1715 82 21 Grand
1129 1714 116 25 Canyon.
1286 1712 48 20 See

874 1745 200 27 HOFFMEISTER,
1096 1742 102 22 DONALD
1216 1742 28 21 F.

838 1784 136 26 Maryland
993 1783 30 20 in
1042 1782 113 21 Africa.
1197 1780 49 20 See
1267 1778 148 26 CAMPBELL,

872 1813 146 22 PENELOPE.

838 1850 102 19 Mermac
957 1847 114 21 manual:
1095 1847 66 20 test
1181 1845 48 21 and
1251 1843 221 27 questionnaire

875 1877 133 26 analysis
1027 1880 134 22 programs
1179 1874 122 21 written
1320 1873 49 19 for
1389 1872 49 21 the

874 1908 50 20 IBM
944 1901 180 30 system/560.
1166 1904 48 21 See
1233 1903 133 25 BUSSELL,

874 1936 102 21 RODNEY
995 1936 25 21 L.

841 1967 136 22 National
994 1968 86 26 party
1095 1967 168 28 platforms,
1288 1961 164 33 1840-1968.

876 1997 49 21 See
945 1997 113 27 PORTER,
1080 1998 68 20 KIRK
1166 1998 29 21 H.

843 2032 49 20 The
914 2031 149 23 reluctant
1084 2031 113 22 farmer:
1222 2032 47 21 the
1290 2032 67 21 rise
1376 2033 33 20 of
878 2032 616 51 agricultural
1032 2060 153 23 extension
1205 2062 30 19 to
1256 2057 79 29 1914.
1377 2061 47 21 See

879 2089 96 27 SCOTT,
996 2091 53 20 ROY
1064 2091 31 20 V.

847 2128 117 22 Science
984 2129 32 21 in
1034 2129 48 21 the
1103 2128 119 22 British
1241 2128 134 21 colonies
1397 2128 31 20 of

879 2157 133 23 America.
1051 2159 48 20 See
1120 2157 132 27 STEARNS,
1275 2157 118 22 RAYMOND

881 2186 129 23 PHINEAS.

839 2222 99 21 Serial
958 2220 202 25 publications
1180 2219 32 20 in
1233 2218 80 25 large

874 2250 162 21 libraries.
1077 2250 47 20 See
1145 2248 136 22 ALLERTON
1301 2246 68 22 PARK

873 2280 163 25 INSTITUTE,
1061 2274 78 30 16TH,
1163 2273 65 28 1969.

842 2317 98 20 Social
964 2316 112 21 science
1097 2317 49 20 and
1167 2316 47 21 the
1235 2316 65 21 idea
1322 2316 31 19 of
875 2319 564 48 process:
963 2347 46 19 the
1029 2346 152 26 ambiguous
1203 2346 98 26 legacy
1323 2346 31 20 of
1373 2345 103 21 Arthur

877 2377 26 19 F.
926 2376 130 25 Bentley.
1098 2376 48 21 See
1166 2376 98 25 KRESS,
1288 2375 68 21 PAUL
1374 2377 28 20 F.

845 2416 50 20 The
915 2415 99 22 Soviet
1034 2416 82 21 rural
1137 2415 165 26 community:
1326 2419 15 14 a
880 2418 581 47 symposium.
983 2445 48 20 See
1049 2444 116 27 MILLAR,
1189 2443 83 21 JAMES
1291 2444 29 20 R.

847 2482 195 25 Super-state:
1068 2481 133 25 readings
1223 2482 32 19 in
1275 2480 48 21 the

879 2510 323 27 military-industrial
1223 2509 130 26 complex.
1395 2509 49 20 See

880 2540 147 27 SCHILLER,
1050 2540 118 21 HERBERT
1188 2540 28 20 I.

833 2575 136 21 Theories
989 2574 32 21 of
1039 2574 84 21 value
1144 2573 47 20 and
1210 2572 137 25 problems
1367 2572 33 19 of

871 2603 163 21 education.
1074 2603 49 20 See
1144 2602 97 27 SMITH,
1265 2600 101 21 PHILIP
1385 2600 45 25 G.,
1455 2598 43 20 ed.

841 2645 136 21 Yearbook
997 2645 30 20 of
1049 2644 45 21 the
1116 2641 220 23 International
1356 2641 65 20 Folk

875 2673 83 22 Music
980 2672 129 26 Council,
1133 2671 67 26 1969.
1254 2672 48 19 See
877 2670 530 53 INTERNATIONAL
1031 2701 68 21 FOLK
1116 2700 84 21 MUSIC
1220 2698 131 22 COUNCIL.

816 2752 170 25 UNIVERSITY
1006 2754 31 20 OF
1056 2754 148 22 ILLINOIS.
1244 2754 83 21 BOARD
1348 2754 33 21 OF

850 2782 148 23 TRUSTEES.
1038 2784 48 21 See

849 2812 52 21 THE
921 2813 100 22 COMEDY
1039 2813 32 21 OF
1089 2813 81 21 EROS.

816 2862 171 23 UNIVERSITY
1004 2863 33 20 OF
1056 2862 148 27 ILLINOIS,
1227 2861 114 22 URBANA.

850 2891 185 22 ENGINEERING
1054 2890 173 23 EXPERIMENT
1245 2889 131 22 STATION.

850 2918 147 23 Bulletin.
1037 2921 19 19 ©
1072 2920 85 20 Board
1176 2918 32 21 of
1227 2918 135 22 Trustees
1383 2917 32 20 of

886 2949 48 19 the
954 2947 170 27 University
1143 2949 31 19 of
1195 2946 147 21 Illinois.

884 2977 63 25 505.
988 2977 187 26 Engineering
1196 2976 65 20 soil
1282 2974 113 26 report,

1642 248 98 22 DeWitt
1760 247 114 26 County,
1898 245 146 26 Illinois,
2068 245 32 25 by
2118 246 26 20 T.
2169 246 26 19 H.

1642 276 164 26 Thornburn,
1829 277 28 20 T.
1880 276 28 20 K.
1929 275 53 21 Liu
2000 276 17 20 &
2034 275 27 19 E.
2085 274 27 21 T.

1642 304 164 23 Misiaszek.
1851 301 182 31 (University
2053 303 31 19 of

1645 334 130 22 Illinois
1796 331 147 22 bulletin,
1966 327 81 29 v.68,
2068 336 45 16 no.
2137 329 46 29 50)

1641 363 20 20 ©
1678 357 112 30 4Dec70;
1812 357 131 28 A206574.

1535 408 170 24 UNIVERSITY
1723 409 33 21 OF
1774 408 147 27 ILLINOIS,
1944 407 115 23 URBANA.
1569 407 597 52 GRADUATE
1656 438 101 22 SCHOOL
1775 438 33 21 OF
1827 437 117 21 LIBRARY
1963 436 130 23 SCIENCE.

1571 467 99 21 Serial
1690 465 202 25 publications
1913 466 30 18 in
1964 464 80 27 large
2066 463 161 24 libraries.

1606 497 46 21 See
1673 495 135 21 ALLERTON
1827 495 66 21 PARK
1912 494 164 27 INSTITUTE,
2100 489 65 26 16TH,

1607 520 77 29 1969.

1536 572 169 23 UNIVERSITY
1723 572 35 21 OF
1776 571 146 28 ILLINOIS,
1945 571 115 24 URBANA.

1570 597 152 22 INSTITUTE
1741 597 51 21 FOR
1810 597 135 22 RESEARCH
1962 597 33 21 ON
2014 596 186 23 EXCEPTIONAL

1572 625 146 23 CHILDREN.
1758 626 81 23 DEPT.
1860 627 35 20 OF
1913 625 119 22 SPECIAL
2047 625 166 23 EDUCATION.

1571 654 49 20 The
1641 653 200 23 ameliorative
1863 653 179 25 curriculum,
2067 653 132 22 Guilford

1605 682 182 22 activities.
1828 684 47 21 See
1895 683 113 26 KARNES,
2030 683 85 21 MERLE
2132 683 30 21 B.

1543 728 171 24 UNIVERSITY
1733 730 33 20 OF
1784 728 79 27 IOWA,
1887 727 67 22 IOWA
1973 726 78 22 CITY.

1579 760 86 21 Black
1683 759 182 26 employment.
1904 757 49 20 See
1970 756 150 27 KOVARSKY,

1616 789 112 22 IRVING.

1572 817 204 26 Contemporary
1793 817 102 19 Korean
1913 814 114 25 poetry.
2068 812 47 20 See

1604 848 48 26 KO,
1675 847 63 20 WON.

1580 877 203 27 Experimental
1803 879 134 20 research
1958 878 31 20 in
2008 878 48 21 the
1616 878 577 56 psychology
1685 908 31 20 of
1733 908 98 21 music.
1873 908 46 20 See
1939 907 114 26 GORDON,

1614 936 97 28 EDWIN,
1735 938 45 20 ed.

1576 970 132 22 Graduate
1729 968 151 21 education
1901 966 48 21 for
1967 964 135 26 hospital
2121 964 48 20 and

1609 999 102 21 health
1731 998 132 21 services
1882 995 251 22 administration:
2155 997 16 15 a

1612 1029 116 24 pattern
1748 1027 49 20 for
1817 1027 47 19 the
1886 1026 111 20 future.
2038 1025 48 20 See

1611 1055 164 26 CALLAGHAN,
1798 1053 101 21 DONALD
1918 1052 29 21 F.

1598 1093 64 20 Iowa
1683 1090 80 20 tests
1784 1088 31 19 of
1835 1086 81 21 basic
1939 1083 111 24 skills,
2074 1082 66 20 form
2160 1077 60 27 5-6.

1633 1119 131 25 Prepared
1784 1117 32 20 at
1837 1116 47 20 the
1904 1113 169 24 University
2092 1111 32 20 of
2145 1110 64 20 Iowa

1631 1148 83 21 under
1736 1147 46 20 the
1803 1144 151 21 direction
1974 1143 31 19 of
2025 1142 27 20 A.
2077 1141 27 20 N.
1632 1139 595 64 Hieronymus
1717 1178 16 20 &
1751 1176 28 20 E.
1802 1175 29 20 F.
1855 1171 165 25 Lindquist,
2042 1168 67 21 with
2128 1167 47 20 the

1633 1204 166 23 assistance
1821 1202 30 20 of
1872 1203 27 20 H.
1921 1201 30 21 D.
1975 1199 112 23 Hoover,
2110 1195 85 22 Julia

1635 1235 146 22 Peterson,
1804 1230 100 21 Thelma
1923 1229 84 19 Lewis
2025 1229 17 19 &
2061 1225 112 21 others.

1635 1263 99 21 Levels
1754 1261 44 20 ed.
1839 1259 113 23 Boston,
1977 1255 134 26 Houghton
2130 1251 123 23 Mifflin.

1637 1294 13 19 2
1669 1296 27 15 v.
1737 1289 78 25 Appl.
1840 1287 112 22 author:
1977 1283 167 24 University
2166 1280 30 20 of

1637 1322 77 22 Iowa,
1737 1318 135 25 employer
1892 1316 49 20 for
1959 1313 79 21 hire.
2078 1312 19 19 ©
1638 1310 576 64 University
1722 1348 31 20 of
1774 1348 77 24 Iowa;
1876 1343 112 26 5Jan71;
2011 1336 134 27 A206428-

1637 1374 113 28 206429.

1601 1410 66 20 Iowa
1686 1409 82 20 tests
1788 1406 32 21 of
1839 1404 186 22 educational
2044 1399 199 27 development,

1635 1438 81 21 forms
1735 1436 49 25 X-5
1805 1434 48 21 and
1872 1434 63 25 Y-5;
1958 1430 136 22 handbook
2113 1429 49 21 for

1636 1467 132 21 teachers
1788 1464 49 20 and
1857 1462 163 22 examiners.
2064 1459 48 21 SRA

1636 1493 168 24 assessment
1826 1496 111 20 survey.
1977 1486 32 24 26
2030 1494 26 19 p.
2095 1487 20 19 ©
1639 1485 591 64 University
1722 1524 31 19 of
1774 1522 78 26 Iowa;
1876 1519 131 25 21Jul70;
2028 1512 132 29 A208510.

1597 1556 65 21 Iowa
1683 1555 80 20 tests
1784 1553 32 21 of
1836 1551 185 22 educational
2041 1546 199 27 development,

1632 1585 80 21 forms
1731 1583 48 25 X-5
1801 1582 48 20 and
1869 1580 63 26 Y-5;
1956 1580 65 20 test
1632 1577 545 57 coordinator's
1732 1611 149 22 handbook.
1924 1608 49 22 SRA
1990 1605 170 24 assessment

1635 1647 109 21 survey.
1787 1641 29 23 17
1837 1646 27 19 p.
1904 1638 19 20 ©
1940 1636 169 26 University
2130 1634 31 21 of

1633 1672 78 24 Iowa;
1732 1669 116 26 5Aug70;
1869 1663 133 29 A208511.

1592 1707 66 20 Iowa
1676 1706 81 20 tests
1778 1704 32 21 of
1830 1702 185 22 educational
2035 1699 200 26 development,

1626 1734 98 26 grades
1746 1733 78 25 9-12,
1849 1732 66 20 form
1933 1731 48 25 X-5
2002 1732 16 19 &
2036 1730 48 23 Y-5.

1628 1763 132 26 Prepared
1780 1762 31 21 at
1831 1762 48 20 the
1900 1758 170 27 University
2089 1759 31 19 of
2141 1758 66 20 Iowa

1625 1792 84 21 under
1729 1792 47 20 the
1797 1789 152 22 direction
1969 1789 31 19 of
2020 1788 28 21 E.
2072 1787 27 21 F.
1627 1785 561 62 Lindquist
1729 1821 16 19 &
1764 1820 115 21 Leonard
1901 1818 27 21 S.
1952 1816 82 22 Feldt
2053 1816 67 20 with
2140 1815 48 20 the

1628 1849 167 22 assistance
1815 1848 33 19 of
1867 1847 100 21 Robert
1986 1848 29 19 A.
2038 1844 117 25 Forsyth
2175 1844 17 19 &

1628 1879 100 20 Esther
1748 1879 27 20 D.
1799 1876 130 21 Neckere.
1971 1874 131 26 Chicago,
2127 1872 115 21 Science

1629 1907 133 21 Research
1781 1904 183 23 Associates.
2007 1904 13 19 2
2039 1907 29 16 v.
2106 1902 19 20 ©
1630 1900 612 61 University
1714 1935 31 20 of
1766 1935 78 24 Iowa;
1885 1931 96 28 1Jun70;
2006 1932 67 20 form
2090 1930 46 25 X5,

1628 1963 132 26 A250252,
1784 1962 67 21 form
1867 1961 47 25 Y5,
1936 1959 133 26 A250251.

1603 1999 66 20 Iowa
1689 1999 81 20 tests
1791 1998 32 20 of
1843 1997 185 21 educational
2050 1995 198 26 development,

1636 2028 100 25 grades
1756 2027 80 25 9-12,
1859 2026 69 21 form
1944 2026 32 24 X5
1998 2026 15 18 &
2031 2026 45 23 Y5.
2118 2024 49 21 SRA

1636 2057 169 21 assessment
1827 2059 111 21 survey.
1980 2055 133 25 Prepared
2134 2053 31 20 at
2186 2054 47 19 the

1636 2085 170 27 University
1826 2085 32 20 of
1878 2084 66 21 Iowa
1962 2084 86 20 under
2066 2083 49 20 the
1638 2082 579 53 direction
1723 2115 31 20 of
1774 2114 29 21 E.
1825 2114 30 21 F.
1878 2113 152 26 Lindquist
2050 2111 16 19 &
2085 2111 116 21 Leonard

1639 2145 27 20 S.
1688 2143 83 20 Feldt
1789 2142 69 21 with
1879 2142 47 21 the
1946 2142 169 21 assistance
2135 2140 32 20 of

1636 2172 100 22 Robert
1754 2172 30 21 A.
1807 2171 120 26 Forsyth
1946 2170 16 20 &
1979 2170 102 21 Esther
2099 2171 30 20 D.

1636 2201 132 21 Neckere.
1809 2199 131 26 Chicago,
1965 2199 116 22 Science
2100 2198 136 21 Research

1636 2228 183 24 Associates.
1862 2230 14 19 2
1895 2233 27 16 v.
1962 2228 20 19 ©
1999 2226 169 26 University
2188 2227 31 18 of

1638 2258 79 27 Iowa;
1739 2254 116 30 6Aug70:
1879 2258 67 20 form
1963 2257 46 25 X5,
2031 2250 132 31 A208513,

1638 2288 66 20 form
1722 2288 46 25 Y5,
1791 2281 132 30 A208512.

1590 2325 68 21 Iowa
1677 2324 82 20 tests
1779 2322 32 21 of
1831 2320 186 22 educational
2035 2315 199 26 development;

1625 2352 100 22 manual
1745 2351 50 21 for
1814 2351 48 19 the
1885 2349 97 21 school
2003 2344 233 24 administrator.

1626 2379 32 23 48
1679 2387 27 18 p.
1748 2376 83 30 (ITED
1850 2378 64 21 fall
1935 2376 117 26 testing
2072 2368 130 31 program)

1624 2409 46 21 NM:
1694 2408 151 21 revisions
1866 2408 16 18 &
1899 2404 165 23 additions.
2104 2403 19 19 ©
1626 2401 562 63 University
1763 2437 32 21 of
1815 2437 79 23 Iowa,
1917 2433 116 21 founded
2054 2432 31 20 in
2106 2426 64 28 1847
2190 2434 31 15 as

1627 2468 48 20 the
1696 2467 81 20 State
1797 2463 170 26 University
1986 2463 32 19 of
2038 2461 78 23 Iowa;

1628 2495 129 27 10Aug70;
1782 2489 130 30 A214485.

1587 2532 66 20 Modern
1708 2528 117 22 Chinese
1843 2527 115 26 poetry.
1999 2525 48 20 See
2066 2524 63 25 YIP,

1621 2559 133 22 WAI-LIM.

1584 2592 49 21 The
1652 2596 85 21 paper
1757 2587 371 28 rebellion—development
2149 2586 47 20 and

1620 2621 115 25 upheavel
1773 2619 32 21 in
1822 2619 66 24 pulp
1910 2617 46 21 and
1976 2621 86 21 paper
2080 2615 147 21 unionism.

1618 2652 48 20 See
1686 2650 113 27 GRAHAM,
1823 2649 84 21 HARRY
1925 2647 114 21 EDWARD.

1595 2687 218 26 Participative
1833 2684 135 21 decision
1984 2683 116 24 making:
2122 2686 34 15 an

1630 2716 131 27 analysis
1783 2715 48 21 and
1851 2714 112 21 review.
2004 2713 48 20 See
2071 2711 97 26 MEYER,

1628 2747 29 20 G.
1680 2746 78 21 DALE.

1593 2779 133 26 Physical
1745 2777 119 25 ability
1882 2776 100 24 rating
2003 2775 94 20 scale.
2139 2773 47 21 See

1625 2807 81 26 MARX,
1730 2806 83 21 ORRIN
1830 2805 29 21 H.

1605 2843 117 25 Primary
1740 2840 65 21 test
1827 2840 31 19 of
1878 2837 131 21 economic
1640 2832 559 65 understanding.
1740 2872 48 19 See
1808 2867 132 26 DAVISON,
1961 2864 103 23 DONALD
2083 2864 26 20 G.

1598 2905 129 24 Science,
1750 2908 14 14 a
1784 2900 83 26 guide
1887 2898 49 21 for
1956 2895 134 24 teaching
2110 2892 48 21 the

1632 2929 198 28 handicapped.
1870 2927 50 20 See
1938 2923 171 22 UNIVERSITY
2127 2922 16 19 OF

1634 2962 77 26 IOWA,
1735 2959 66 21 IOWA
1821 2958 77 20 CITY.
1940 2953 119 22 SPECIAL

1632 2989 152 23 EDUCATION
1801 2984 187 23 DEVELOPMENT
2009 2980 112 22 CENTER.
