2907 3879
0 0 0 0 3541
34 327 198 26 UNIVERSITY
256 327 37 26 OF
313 329 178 31 VIRGINIA,
71 329 648 60 CHARLOTTESVILLE.
232 364 121 24 RECTOR
376 365 19 22 &
414 365 178 26 VISITORS.

72 399 58 22 The
152 399 79 22 Buck
252 399 98 22 Fever
374 403 114 25 paper.
538 400 58 23 See
618 401 179 31 ANDERSON,

112 431 176 25 SHERWOOD.

65 473 95 23 Grace
184 473 59 22 and
267 477 118 18 common
410 471 92 25 life.
550 474 55 22 See
631 473 137 31 HARNED,

104 507 99 24 DAVID
224 507 115 24 BAILY.

85 549 97 23 Index
206 548 36 23 to
266 547 200 30 Supplement
490 548 36 23 to
551 548 137 24 Charles
712 550 114 23 Evans'

124 582 159 23 American
304 581 259 30 bibliography.
611 584 58 22 See

123 616 155 31 BRISTOL,
305 616 100 23 ROGER
428 616 175 25 PATTRELL.

67 655 56 22 The
148 654 154 29 O'Ruddy.
350 656 56 22 See
432 654 113 28 CRANE,
574 657 154 24 STEPHEN.

67 692 136 28 Reports
228 692 37 23 of
287 698 76 19 war.
411 694 57 22 See
493 693 113 32 CRANE,
635 695 154 26 STEPHEN.

73 731 159 30 Virginia
256 733 115 29 votes,
399 730 195 33 1924-1968.
642 738 55 22 See

113 767 197 31 EISENBERG,
336 768 114 25 RALPH.

63 808 141 25 William
225 809 79 28 Byrd
328 808 37 23 of
386 808 179 30 Westover,
593 805 193 33 1674-1744.

106 844 56 22 See
182 842 200 32 KARAMBAUD,
408 844 133 23 PIERRE.

29 920 200 25 UNIVERSITY
250 921 38 23 OF
309 921 177 31 VIRGINIA,
515 922 315 26 CHARLOTTESVILLE.

69 956 119 23 RECTOR
208 957 19 22 &
248 955 176 26 VISITORS.
473 958 58 22 See

69 989 119 24 SPEECH
208 990 59 23 AND
290 990 134 25 REASON.

30 1052 197 25 UNIVERSITY
249 1052 38 25 OF
309 1053 176 32 VIRGINIA,
512 1054 318 28 CHARLOTTESVILLE.

68 1088 118 24 SCHOOL
209 1089 37 23 OF
268 1089 141 24 GENERAL
432 1091 152 24 STUDIES.

66 1123 219 24 Educational
309 1125 239 29 perspectives
574 1132 37 17 on
634 1126 58 25 the
717 1129 78 28 drug

108 1158 130 24 crisis.
289 1160 57 23 See
369 1160 157 31 HACKETT,
554 1162 110 24 PETER.

34 1222 197 25 UNIVERSITY
254 1224 38 24 OF
312 1224 206 26 WASHINGTON
538 1227 114 25 PRESS.

72 1258 59 23 The
153 1258 159 30 ballyhoo
335 1260 153 24 bonanza:
518 1262 138 25 Charles

113 1292 119 31 Sweeny
254 1294 60 24 and
336 1294 57 24 the
419 1295 94 24 Idaho
536 1296 117 26 mines.
701 1299 58 23 See

111 1327 115 31 FAHEY,
252 1328 96 24 JOHN.

71 1363 137 24 Barnett
232 1364 133 23 Newman:
394 1363 118 24 Broken
535 1364 141 24 obelisk
698 1366 59 22 and

111 1397 99 24 other
233 1397 214 29 sculptures.
494 1399 58 22 See
575 1398 198 31 ROSENBERG,

110 1430 132 25 HAROLD.

71 1467 136 24 Britons
233 1467 80 25 view
331 1468 157 24 America.
536 1469 57 23 See
618 1468 135 31 RAPSON,

112 1502 139 24 RICHARD
272 1503 32 23 L.

72 1538 108 24 China:
208 1541 200 28 management
433 1542 39 23 of
495 1548 16 17 a
536 1544 261 32 revolutionary

111 1573 149 29 society.
312 1576 57 22 See
391 1576 175 32 LINDBECK,
595 1579 80 24 JOHN
695 1580 33 24 M.

109 1607 52 29 H.,
190 1609 50 23 ed.

70 1643 99 24 First
192 1649 118 19 course
335 1643 37 25 in
393 1645 176 29 Japanese.
617 1646 59 22 See

111 1677 93 32 NIWA,
231 1677 133 25 TAMAKO.

75 1715 180 30 Migration
277 1717 56 24 and
358 1718 255 31 anthropology.
664 1722 57 22 See

114 1750 161 25 AMERICAN
296 1752 244 25 ETHNOLOGICAL
561 1755 155 25 SOCIETY.

65 1781 57 25 Not
146 1788 97 24 every
265 1788 94 23 year.
409 1783 57 24 See
487 1783 157 31 HAISLIP,
672 1784 95 24 JOHN.

69 1818 216 24 Pre-Inferno
307 1819 115 30 plays.
472 1821 56 22 See
552 1821 217 32 STRINDBERG,

106 1851 134 26 AUGUST.

69 1884 95 24 Roads
190 1886 56 22 and
270 1885 117 25 trails
413 1887 36 23 of
473 1888 138 29 Olympic
634 1889 162 23 National

109 1920 90 23 Park.
250 1922 57 22 See
332 1921 173 32 LEISSLER,
532 1923 197 25 FREDERICK.

72 1955 57 23 The
153 1960 118 25 savory
292 1955 81 24 wild
393 1955 174 24 mushroom.
618 1956 58 23 See

109 1989 157 29 MCKENNY,
290 1989 176 23 MARGARET.

63 2027 55 25 The
142 2028 139 29 Taiping
304 2028 195 24 Rebellion.
548 2029 57 23 See
627 2028 157 31 MICHAEL,

103 2063 111 23 FRANZ.

72 2100 78 23 Tiwi
171 2100 115 24 wives.
334 2102 58 22 See
415 2100 155 31 GOODALE,
597 2100 79 24 JANE
700 2100 32 24 C.

70 2135 200 30 Washington
292 2135 98 23 State
413 2134 98 30 place
534 2139 116 18 names.
699 2134 58 22 See

112 2170 174 30 PHILLIPS,
313 2169 98 24 JAMES
432 2169 35 24 W.

30 2249 195 27 UNIVERSITY
248 2252 37 24 OF
307 2251 202 27 WASHINGTON
531 2253 117 28 PRESS.
694 2255 57 25 See

68 2286 251 26 BIOMATERIALS:
348 2289 284 25 BIOENGINEERING
653 2290 141 25 APPLIED

107 2322 37 23 TO
165 2322 179 25 MATERIALS
369 2324 59 23 FOR
450 2324 79 24 HARD
550 2324 61 24 AND
633 2326 80 23 SOFT

107 2357 116 24 TISSUE
246 2358 237 26 REPLACEMENT.

30 2440 195 25 UNIVERSITY
247 2442 38 24 OF
306 2442 218 31 WASHINGTON,
551 2444 154 23 SEATTLE.

68 2476 117 24 CENTRO
207 2477 39 24 DE
268 2478 158 23 ESTUDIOS
451 2478 172 25 CHICANOS.

68 2509 196 26 Chicanismo
288 2513 58 22 and
368 2512 140 23 Mexican
529 2512 162 24 American

106 2544 173 29 politics.
328 2547 58 23 See
409 2546 39 23 DE
471 2546 133 31 SHEPRO,

106 2578 139 24 THERESA
266 2579 134 25 ARAGON.

70 2625 116 24 Poesia
208 2626 152 25 Chicana:
389 2628 177 29 Alurista,
593 2628 38 24 el
653 2634 79 18 mero

109 2659 151 30 Chingon.
308 2662 58 23 See
390 2661 196 31 MALDONADO,
613 2662 115 25 JESUS.

48 2750 193 26 UNIVERSITY
266 2754 38 23 OF
324 2755 142 24 WESTERN
489 2757 140 23 ONTARIO
652 2758 200 23 PHILOSOPHY

85 2786 213 31 COLLOQUIUM,
325 2783 75 36 4TH,
428 2785 89 31 1968.

85 2818 110 31 Agent,
224 2821 133 30 action,
387 2823 56 23 and
469 2829 130 18 reason.
649 2824 120 24 Edited
792 2825 39 28 by

124 2852 117 25 Robert
264 2855 155 31 Binkley,
447 2857 138 23 Richard
609 2859 160 28 Bronuugh
792 2860 19 22 &

124 2887 137 24 Ausonio
283 2890 133 24 Marras.
467 2891 199 30 University
692 2892 35 23 of

124 2919 136 25 Toronto
285 2924 110 23 Press.
446 2924 56 24 202
526 2931 31 23 p.
610 2925 107 29 Paper:
751 2927 18 22 &

123 2955 156 23 comments
305 2956 36 23 of
368 2956 52 24 the
446 2957 201 31 colloquium
669 2959 80 23 with

123 2987 687 35 additional items. © University of
124 3021 136 25 Toronto
285 3025 113 29 Tress;
425 3020 153 35 24Jul71;
608 3027 174 27 AI-12577.

25 3107 195 27 UNIVERSITY
243 3111 39 23 OF
302 3111 195 24 WISCONSIN.
549 3110 97 23 BOARD
669 3109 40 24 OF

66 3144 147 25 REGENTS.
263 3147 56 22 See
344 3146 200 24 UNIVERSITY
568 3145 39 23 OF
628 3143 195 25 WISCONSIN.

65 3178 149 25 REGENTS.

36 3271 194 26 UNIVERSITY
253 3274 39 23 OP
313 3274 180 23 WISCONSIN
516 3272 158 25 CATHOLIC

77 3306 207 26 FOUNDATION.

76 3339 50 24 St.
154 3340 116 24 Paul's
294 3341 134 29 Chapel,
458 3341 76 27 1909
558 3340 57 23 and
641 3334 92 33 1968,

115 3373 197 30 University
335 3375 37 23 of
395 3374 180 25 Wisconsin
599 3372 157 25 Catholic

115 3408 131 29 Center,
274 3408 155 30 Madison,
457 3407 193 26 Wisconsin.
705 3406 11 23 1
741 3412 33 17 v.

155 3440 601 31 © University of Wisconsin Catholic
118 3476 210 28 Foundation;
358 3477 131 28 2Jun71;
518 3470 153 35 A255604.

904 321 203 24 UNIVERSITY
1130 321 39 23 OF
1189 320 198 29 WISCONSIN,
1413 319 155 25 MADISON.

947 356 95 24 DEPT.
1070 356 36 24 OF
1130 356 156 24 HISTORY.

946 389 161 23 Frontier
1130 389 140 27 farming
1295 389 37 22 in
1355 394 38 17 an
1414 389 100 21 urban
1537 387 134 22 shadow.

989 424 56 22 See
1070 423 137 30 CONZEN,
1230 423 145 23 MICHAEL
1397 423 30 22 P.

915 478 205 26 UNIVERSITY
1141 479 37 25 OF
1200 479 198 33 WISCONSIN,
1424 478 154 27 MADISON.

961 515 178 24 INSTITUTE
1161 516 61 23 FOR
1243 516 161 24 RESEARCH
1426 516 39 23 ON
1487 516 152 23 POVERTY.

959 550 57 23 The
1041 550 180 29 deserving
1242 555 94 24 poor.
1386 550 57 24 See
1464 550 158 30 HANDLER,

998 585 80 23 JOEL
1100 585 33 24 F.

964 623 78 24 Ends
1068 622 56 23 and
1147 626 99 18 means
1269 620 39 23 of
1332 618 159 28 reducing
1515 617 117 23 income

1006 655 155 31 poverty.
1211 656 56 22 See
1291 651 155 31 LAMPMAN,
1473 650 120 25 ROBERT
1615 650 33 25 J.

962 698 118 23 Income
1104 696 238 27 maintenance,
1370 691 338 29 interdisciplinary

1004 731 198 29 approaches
1227 729 37 23 to
1289 727 173 24 research.
1511 727 57 22 See
1591 725 75 30 ORR,

1002 765 101 24 LARRY
1124 765 36 24 L.

966 803 158 26 Politics
1149 807 36 18 as
1212 799 157 31 symbolic
1393 798 132 23 action.
1576 798 57 22 See

1007 838 156 30 EDELMAN,
1189 835 135 25 MURRAY.

896 919 203 24 UNIVERSITY
1124 918 36 24 OF
1183 917 195 30 WISCONSIN,
1406 916 157 25 MADISON.

938 953 202 24 UNIVERSITY
1162 951 197 25 EXTENSION.

938 987 59 24 Art
1021 986 140 29 history
1184 985 74 28 105:
1284 986 58 23 The
1367 984 138 29 history
1529 984 38 23 of

980 1021 141 25 Western
1143 1019 75 30 art,
1244 1020 39 29 by
1306 1019 118 28 Joseph
1448 1018 34 25 C.
1506 1017 156 29 Bradley;

981 1054 39 24 in
1043 1053 261 25 collaboration
1327 1052 80 25 with
1427 1052 79 28 Mary
1529 1051 34 24 D.

980 1086 176 25 Thurrell.
1205 1086 59 28 250
1285 1091 33 23 p.
1366 1085 94 29 Appl.
1489 1084 133 25 author:

979 1120 203 29 University
1203 1119 196 28 Extension,
1428 1117 200 29 University
1652 1117 37 23 of

980 1154 198 29 Wisconsin,
1205 1152 160 30 employer
1388 1152 58 24 for
1468 1152 95 24 hire.
1609 1150 94 30 Appl.

983 1188 117 24 states
1124 1187 56 24 all
1204 1193 61 17 new
1287 1186 117 29 except
1429 1191 76 17 some
1528 1184 160 24 material

982 1218 687 100 taken from Introduction to the history of art. © Regents of the University of Wisconsin; 22Sep71;
981 1320 157 31 A283337.

947 1369 60 28 Big
1032 1367 120 24 sister
1175 1363 321 31 self-supervision
1519 1361 73 29 kit,
1619 1361 39 28 by

988 1394 624 36 Betty S. Johnson. 21 l. Appl.
991 1435 135 24 author:
1153 1431 202 29 University
1376 1429 197 28 Extension,

990 1467 203 29 University
1217 1466 37 23 of
1276 1464 195 28 Wisconsin,
1500 1461 160 31 employer

992 1496 687 70 for hire. © Regents of the University
1095 1536 37 23 of
1155 1534 196 27 Wisconsin;
1379 1531 154 30 13May71;
1559 1525 157 32 A263804.

970 1580 122 28 Botany
1115 1577 73 24 100:
1216 1576 120 28 Survey
1360 1574 37 23 of
1419 1573 134 28 botany,
1580 1571 40 28 by

1012 1611 142 26 Leonard
1174 1611 37 24 B.
1236 1610 102 24 Thien
1401 1602 37 28 64
1460 1611 33 23 p.
1540 1604 95 29 Appl.

1014 1645 135 26 author:
1176 1641 202 29 University
1399 1639 196 27 Extension,

1014 1636 667 70 University
1178 1677 37 23 of
1238 1674 195 28 Wisconsin,
1461 1671 156 30 employer
1644 1669 59 24 for

1014 1712 93 25 hire.
1157 1711 39 23 NM
1239 1715 58 19 new
1320 1708 76 25 text
1426 1709 18 22 &
1462 1704 220 30 compilation

1016 1738 688 71 of illus. © Regents of the University
1119 1779 36 23 of
1178 1777 196 27 Wisconsin;
1443 1773 113 30 14Sep71;
1583 1768 155 31 A283336.

956 1827 160 23 Business
1142 1827 56 23 and
1220 1827 201 29 management
1444 1821 71 30 A60:
996 1828 669 56 Governmental
1142 1861 212 29 accounting.
1406 1862 56 22 See
1484 1861 201 23 UNIVERSITY

997 1895 39 23 OF
1058 1895 196 31 WISCONSIN,
1281 1895 152 24 MADISON.
1484 1896 200 23 UNIVERSITY

998 1929 193 25 EXTENSION.
1244 1930 218 23 INDEPENDENT
1486 1929 111 25 STUDY.

981 1966 159 25 Business
1165 1967 60 25 and
1245 1968 201 29 management
1469 1963 74 33 A63:
1570 1968 139 25 Federal

1023 2001 117 23 income
1166 2001 158 24 taxes--a
1349 2007 133 23 survey,
1509 2003 39 28 by
1571 2003 58 28 Ray

1022 2031 704 33 Vander Weele. 48 l. Appl. author:
1022 2068 201 29 University
1244 2069 196 28 Extension,
1468 2069 202 30 University
1693 2069 38 23 of

1022 2101 195 30 Wisconsin,
1246 2102 161 30 employer
1429 2103 58 23 for
1509 2103 95 24 hire.

1062 2135 566 31 © Regents of the University of
1022 2170 195 27 Wisconsin;
1246 2166 133 34 6May71;
1408 2166 154 33 A263805.

954 2212 160 23 Business
1139 2213 58 22 and
1218 2211 200 30 management
1442 2206 71 32 A67:
994 2212 648 57 Fundamentals
1158 2246 39 23 of
1221 2245 197 24 investment
1441 2245 152 29 banking.

997 2281 56 23 See
1077 2280 201 23 UNIVERSITY
1301 2280 38 23 OF
1360 2279 196 30 WISCONSIN,

994 2314 154 24 MADISON.
1198 2314 201 23 UNIVERSITY
1423 2313 190 24 EXTENSION.

998 2348 219 24 INDEPENDENT
1241 2348 110 23 STUDY.

955 2384 160 24 Business
1140 2385 58 22 and
1219 2381 200 30 management
1443 2376 70 32 A83:
1545 2381 158 24 Customer

998 2418 195 29 relations,
1222 2423 17 17 a
1262 2422 118 18 course
1404 2416 57 23 for
1484 2415 199 24 automotive

999 2452 137 23 service
1159 2450 193 31 personnel.
1405 2451 55 22 See
1483 2449 200 24 UNIVERSITY

997 2486 39 24 OF
1056 2486 198 29 WISCONSIN,
1280 2484 152 24 MADISON.
1483 2484 200 23 UNIVERSITY

999 2520 191 24 EXTENSION.
1243 2519 218 24 INDEPENDENT
1484 2518 110 23 STUDY.

953 2558 159 23 Business
1137 2557 58 24 and
1217 2554 200 30 management
1441 2553 73 28 A90:
1541 2552 160 24 Business

993 2590 202 30 management
1220 2590 31 28 I,
1278 2590 40 28 by
1340 2588 140 24 William
1503 2587 34 24 R.
1564 2586 132 25 Sloane.

995 2625 139 25 Revised
1156 2624 40 29 by
1218 2624 35 24 E.
1280 2623 120 24 Arthur
1422 2622 134 23 Prieve.
1605 2620 38 28 90
1664 2626 34 23 p.

995 2658 93 31 Appl.
1117 2658 136 24 author:
1279 2655 201 29 University
1501 2654 196 28 Extension,

995 2691 201 30 University
1220 2691 38 24 of
1280 2690 194 27 Wisconsin,
1502 2688 162 29 employer

997 2721 724 30 for hire of W. R. Sloane. © Regents
996 2761 39 24 of
1057 2761 57 24 the
1138 2758 200 29 University
1362 2758 39 23 of
1422 2757 195 26 Wisconsin;

996 2794 154 29 21Sep71;
1179 2788 155 32 A275998.

961 2841 199 24 Child-care
1185 2837 215 29 challenges.
1447 2836 58 23 See
1527 2834 95 30 KUHN,

1002 2875 74 30 ROY,
1104 2875 51 23 cd.

957 2913 138 28 College
1118 2911 139 30 physios
1282 2911 52 24 II.
1383 2912 55 22 See
1461 2910 121 23 UNITED

996 2947 119 24 STATES
1139 2946 99 24 ARMED
1261 2944 117 25 FORCES
1405 2943 193 30 INSTITUTE,

996 2981 156 29 MADISON,
1179 2979 74 24 WIS.

961 3013 177 24 Economics
1164 3012 73 25 H40:
1266 3013 240 29 Contemporary
1530 3014 195 24 economics,

999 3046 41 30 by
1061 3046 118 24 Dennis
1204 3047 31 23 K.
1265 3046 134 23 Hoover.
1447 3046 39 26 90
1510 3052 29 22 p.
1589 3046 94 29 Appl.

1000 3081 135 23 author:
1164 3080 199 29 University
1389 3080 193 25 Extension,

1002 3080 662 64 University
1165 3115 34 23 of
1222 3114 198 29 Wisconsin,
1467 3114 140 29 employer
1632 3114 56 23 for

1000 3148 687 29 hire. © Regents of the University
1003 3184 36 23 of
1060 3183 199 29 Wisconsin;
1326 3182 113 29 21Sep71:
1616 3199 6 7 A275997.

949 3228 180 24 Economics
1155 3224 52 24 101:
1257 3221 238 29 Introductory
1517 3220 196 26 economics,

990 3262 39 28 by
1051 3260 80 25 John
1154 3260 34 23 J.
1215 3256 179 31 Siegfried
1425 3258 14 21 t
1458 3254 117 25 Stuart
1600 3254 33 23 A.

990 3295 114 24 Morse.
1154 3291 159 30 Prepared
1336 3290 58 23 under
1459 3288 55 23 the
994 3292 644 60 supervision
1141 3329 16 20 v
1175 3325 78 25 with
1278 3325 53 23 the
1357 3323 197 24 assistance
1580 3321 37 22 of

993 3361 116 25 Dennis
1134 3360 34 25 K.
1196 3359 135 24 Hoover.
1381 3354 55 26 140
1459 3362 16 22 p
1539 3353 94 30 Appl.

992 3396 136 24 author:
1155 3391 198 29 University
1377 3391 195 24 Extension,
994 3387 659 70 University

1155 3428 36 23 of
1215 3426 197 26 Wisconsin,
1438 3422 160 30 employer
1622 3421 57 24 for

994 3456 621 32 hire of J. J. Siegfried & S. A.
992 3490 705 32 Morse. © Regents of the University
993 3531 36 24 of
1054 3530 194 24 Wisconsin;
1278 3525 152 30 21Sep71:
1459 3524 155 27 A275996.

1845 302 142 29 English
2010 302 70 23 203:
2113 301 241 23 Introduction
2375 302 35 22 to
2435 299 158 23 creative

1886 335 157 30 writing,
2070 336 37 28 by
2130 335 80 24 Alan
2233 335 72 24 Ebi.
2354 333 199 29 University

1887 370 197 29 Extension,
2111 370 199 29 University
2336 369 36 23 of
2393 367 198 30 Wisconsin,

1889 401 640 32 Independent Study. 99 p. Appl.
1888 438 133 23 author:
2051 437 199 29 University
2273 436 197 28 Extension,
1886 435 668 66 University
2051 472 37 23 of
2110 471 198 29 Wisconsin,
2335 470 158 29 employer
2517 469 57 23 for

1887 504 687 31 hire. © Regents of the University
1889 540 37 23 of
1947 540 198 30 Wisconsin;
2174 539 153 30 22Sep71;
2355 534 154 31 A276001.

1839 582 139 29 English
2003 582 71 25 212:
2104 583 161 23 American
2288 583 214 29 literature,
2529 584 39 28 by

1880 616 120 23 Daniel
2022 617 115 28 Tynan.
2184 616 200 30 University
2408 617 198 29 Extension,

1880 650 200 28 University
2104 651 38 23 of
2163 651 198 29 Wisconsin,
2389 651 217 30 Independent

1881 684 113 29 Study.
2043 680 36 28 64
2103 691 34 23 p.
2185 685 94 29 Appl.
2308 685 131 24 author:
1882 685 707 62 University
1981 719 198 29 Extension,
2205 719 199 29 University
2428 720 39 22 of

1878 752 199 29 Wisconsin,
2105 752 158 30 employer
2288 753 57 23 for
2367 753 94 24 hire.

1921 786 566 30 © Regents of the University of
1878 819 197 30 Wisconsin;
2105 820 155 30 21Sep71;
2287 816 152 31 A276000.

1845 861 142 29 English
2010 856 74 27 218:
2112 859 262 30 Shakespearian
2396 860 114 25 drama,
2536 857 40 29 by

1887 894 100 23 Frank
2009 894 33 23 D.
2072 894 96 23 Crane
2198 894 18 23 &
2234 892 118 29 Irving
2375 892 134 24 Kreutz.

1890 924 625 33 40 l. Appl. author: University
1885 962 198 27 Extension,
2110 960 203 29 University
2336 960 38 23 of
2394 959 197 28 Wisconsin,

1887 992 648 32 employer for hire. © Regents of
1887 1029 57 24 the
1968 1029 202 29 University
2194 1028 38 24 of
2254 1028 194 27 Wisconsin;

1887 1063 155 29 20May71;
2069 1058 156 32 A263806.

1840 1108 121 24 Hebrew
1983 1106 74 24 101:
2083 1105 100 24 First
2208 1104 160 25 semester
2389 1104 135 27 Hebrew,

1880 1142 135 27 modern;
2043 1146 40 19 an
2106 1139 242 28 introductory
2372 1143 116 19 course
2512 1138 40 23 in

1882 1175 56 23 the
1963 1175 121 23 Hebrew
2106 1174 175 28 language,
2308 1172 39 29 by
2369 1172 140 24 Kenahem

1881 1202 727 31 Mansoor. New ed. 324 p. © Regents
1883 1241 37 23 of
1944 1240 56 24 the
2024 1239 201 29 University
2249 1238 38 24 of
2309 1237 195 27 Wisconsin;

1883 1274 154 30 25Aug71;
2063 1268 159 33 A291765.

1847 1309 121 25 Hebrew
1989 1312 73 27 501:
2091 1313 160 24 Biblical
2275 1314 113 24 texts:
2418 1317 157 29 readings

1889 1344 79 24 from
1990 1345 57 24 the
2069 1346 140 25 Aramaic
2235 1348 38 24 of
2294 1349 118 24 Daniel
2437 1352 58 22 and

1886 1379 95 24 Ezra.
2030 1381 57 23 See
2112 1382 201 24 UNIVERSITY
2337 1383 36 24 OF
2394 1385 198 31 WISCONSIN,

1886 1413 155 26 MADISON.
2091 1415 203 26 UNIVERSITY
2314 1418 194 25 EXTENSION.

1889 1448 220 26 INDEPENDENT
2131 1451 114 25 STUDY.

1835 1487 140 30 History
1999 1489 38 23 of
2060 1490 57 24 the
2139 1491 119 24 United
2284 1493 116 25 States
2426 1494 97 24 since

1876 1517 94 33 1865.
2019 1525 57 22 See
2098 1525 122 24 UNITED
2244 1527 117 25 STATES
2384 1529 99 24 ARMED

1876 1557 120 24 FORCES
2019 1559 195 32 INSTITUTE,
2240 1560 156 33 MADISON,
2423 1563 73 25 WIS.

1849 1590 140 32 History
2011 1591 76 29 203:
2115 1593 57 24 The
2194 1593 222 25 black-white
1890 1601 647 48 experience
2012 1627 38 23 in
2071 1626 142 25 America
2237 1629 38 22 to
2299 1623 94 35 1860,
2417 1629 42 30 by

1888 1660 159 29 Margaret
2072 1661 140 24 Beattie
2236 1662 113 29 Bogue.
2400 1661 34 29 92
2459 1669 31 23 p.

1888 1692 93 32 Appl.
2011 1695 134 24 author:
2174 1697 202 29 University
2399 1698 196 30 Extension,

1888 1729 202 29 University
2115 1729 36 23 of
2172 1730 200 30 Wisconsin,
2399 1731 158 30 employer

1889 1761 703 67 for hire. © Regents of the University of Wisconsin; 9Sep71; A275999.
1843 1834 142 29 History
2009 1833 55 28 357;
2110 1833 137 29 Origins
2272 1833 58 24 and
2352 1831 139 29 history
2516 1830 37 24 of

1884 1868 100 25 World
2007 1869 59 23 War
2089 1868 52 28 II,
2168 1868 40 28 by
2231 1866 140 29 Stanley
2392 1867 34 23 G.
2474 1871 95 23 Payne.

1886 1898 37 28 68
1946 1908 33 23 p.
2027 1902 94 29 Appl.
2150 1902 134 24 author:
2312 1900 200 28 University

1883 1936 199 29 Extension,
2108 1934 202 30 University
2334 1934 38 23 of
2392 1934 197 28 Wisconsin,

1885 1967 648 33 employer for hire. © Regents of
1887 2004 56 23 the
1967 2003 201 28 University
2192 2003 37 22 of
2251 2002 196 25 Wisconsin;

1886 2034 155 32 14Sep71;
2068 2035 155 29 A275993.

1835 2069 240 25 Introduction
2098 2071 38 23 to
2159 2072 175 30 forestry.
2382 2075 57 22 See
2462 2076 122 23 UNITED

1875 2105 118 23 STATES
2017 2106 100 23 ARMED
2137 2106 121 24 FORCES
2282 2108 195 31 INSTITUTE,

1872 2139 159 30 MADISON,
2055 2140 74 23 WIS.

1847 2180 140 25 Italian
2009 2175 75 27 204:
2111 2178 120 23 Fourth
2255 2177 159 24 semester
2437 2174 154 28 Italian,

1887 2209 644 34 by Joseph Palmeri. 99 l. Appl.
1889 2248 135 25 author:
2051 2246 201 29 University
2273 2244 197 28 Extension,

1888 2282 201 28 University
2113 2280 38 24 of
2173 2279 196 28 Wisconsin,
2397 2277 160 30 employer

1890 2311 722 68 for hire. © Regents of the University of Wisconsin; 18May71; A263807.
1834 2388 242 29 Pharmacology
2099 2387 72 28 A70:
2201 2388 79 29 Drug
2303 2387 254 24 interactions.

1877 2422 55 24 See
1956 2422 202 24 UNIVERSITY
2179 2422 40 24 OF
2241 2422 196 30 WISCONSIN,

1875 2456 155 25 MADISON.
2078 2456 201 24 UNIVERSITY
2303 2456 194 25 EXTENSION.

1877 2490 220 23 INDEPENDENT
2121 2490 112 24 STUDY.

1846 2529 200 31 Psychology
2069 2532 58 29 205
2171 2535 201 31 Psychology
2394 2538 38 23 of
2454 2540 100 24 human

1885 2564 216 30 adjustment,
2128 2566 39 30 by
2190 2568 98 25 Julia
2312 2571 33 23 A.
2373 2570 139 26 Sherman

1887 2593 37 26 40
1944 2603 34 23 p.
2026 2598 94 30 Appl.
2149 2602 135 23 author:
2311 2604 200 31 University

1882 2630 197 31 Extension,
2107 2634 202 31 University
2332 2637 38 23 of
2392 2639 195 30 Wisconsin,

1883 2664 726 37 employer for hire. © Regents of the
1883 2698 200 31 University
2107 2702 36 22 of
2168 2704 194 29 Wisconsin;
2391 2705 154 30 13Sep71;

1882 2731 155 30 A275995.

1846 2773 138 24 Russian
2006 2774 142 30 history
2171 2775 96 24 since
2293 2771 90 31 1855.
2433 2778 57 24 See

1884 2808 121 23 UNITED
2027 2809 118 23 STATES
2169 2809 100 24 ARMED
2292 2810 116 24 FORCES
2434 2811 193 28 INSTITUTE,

1884 2840 155 29 MADISON,
2066 2842 75 24 WIS.

1848 2873 140 31 Serving
2012 2874 95 24 small
2133 2875 157 24 business
2317 2875 37 24 in
2374 2876 196 26 Wisconsin.

1888 2907 58 24 See
1970 2908 116 30 RINDT,
2111 2909 140 24 KENNETH
2275 2910 31 24 E.

1841 2947 118 25 Social
1983 2947 173 29 problems.
2207 2950 56 22 See
2287 2948 121 24 UNITED
2430 2948 118 24 STATES

1881 2982 101 23 ARMED
2004 2982 118 24 FORCES
2144 2982 196 29 INSTITUTE,
2366 2982 156 29 MADISON,

1880 3016 76 25 WIS.

1845 3047 138 30 Spanish
2008 3043 69 29 104:
2109 3049 117 23 Second
2252 3050 157 22 semester
2432 3050 139 29 college

1885 3082 152 29 Spanish.
2088 3083 57 22 See
2169 3083 198 24 UNIVERSITY
2390 3084 38 23 OF
1884 3084 625 60 WISCONSIN,
2046 3116 153 25 MADISON.
2250 3116 197 25 UNIVERSITY

1886 3149 191 24 EXTENSION.
2133 3150 216 24 INDEPENDENT
2372 3150 109 25 STUDY.

1841 3180 260 32 Understanding
2124 3184 159 25 American
2307 3190 213 25 government.

1879 3213 57 25 See
1962 3215 119 25 UNITED
2103 3217 118 24 STATES
2246 3219 100 25 ARMED
2370 3222 115 23 FORCES

1882 3248 193 32 INSTITUTE,
2103 3251 155 28 MADISON,
2286 3254 72 25 WIS.

1839 3287 178 24 Wisconsin
2043 3289 74 28 jury
2145 3290 277 25 instructions--criminal.
1879 3320 56 24 See
1961 3322 192 26 WISCONSIN.
2206 3325 98 23 BOARD
2326 3326 38 23 OF
2384 3326 158 26 CRIMINAL

1878 3355 99 24 COURT
2000 3356 133 26 JUDGES.
2183 3358 78 24 JURY
2285 3360 239 25 INSTRUCTIONS

1878 3390 193 26 COMMITTEE.

1829 3423 180 24 Wisconsin
2031 3423 140 24 uniform
2194 3423 195 24 commercial
2437 3425 57 22 role

1870 3458 174 23 handbook.
2093 3458 57 22 See
2195 3458 139 23 INSTITUTE
2377 3459 37 23 OK
1873 3459 704 56 CONTINUING

1953 3492 98 24 LEGAL
2075 3492 177 24 EDUCATION
2277 3492 57 23 FOR
2357 3493 194 23 WISCONSIN.
