2363 3342
128 160 46 23 620

132 295 97 25 HENLE,
252 296 129 21 RAYMOND.

166 324 66 20 Oral
252 324 118 24 history
389 322 153 22 interview
559 323 67 19 with
646 321 117 21 Adaline
783 322 27 20 W.

201 352 101 21 Fuller
325 349 73 30 (Mrs.
423 352 27 19 W.
475 352 100 19 Parmer
595 351 113 25 Fuller,
733 347 61 29 Jr.)

200 381 34 25 by
253 381 115 25 Raymond
388 380 97 25 Henle,
510 379 147 26 director,

202 406 511 28 September 29, 1967 … for the
201 438 119 19 Herbert
338 437 101 20 Hoover
459 436 203 20 Presidential
682 435 130 25 Library,

202 466 66 20 West
288 466 113 25 Branch,
425 466 78 24 Iowa,
528 466 48 19 and
597 466 47 19 the
664 465 101 20 Hoover

203 496 184 19 Institution
406 499 33 15 on
459 494 62 25 War,
545 493 182 25 Revolution,
751 492 48 19 and

202 526 97 23 Peace,
324 523 145 26 Stanford,
494 523 180 21 California.
715 522 33 23 53
789 537 5 5 l.

199 553 21 20 ©
236 553 116 20 Herbert
373 553 101 20 Hoover
492 552 204 19 Presidential

203 581 117 26 Library
339 582 95 25 Assn.,
459 581 79 24 Inc.;
561 577 114 28 6Nov70;
698 574 130 27 A208106.

168 614 65 19 Oral
252 614 119 25 history
392 614 151 20 interview
560 614 67 20 with
646 613 116 21 Admiral

202 643 83 20 Lewis
304 643 29 21 L.
355 642 117 21 Strauss
493 643 32 25 by
542 642 117 25 Raymond
680 642 97 25 Henle;

202 667 596 30 director, February 13, 1967 … for
203 701 48 20 the
269 702 116 19 Herbert
405 701 102 19 Hoover
526 699 202 22 Presidential
202 700 579 55 Library,
321 731 65 19 West
405 730 115 23 Branch,
544 729 79 25 Iowa,
647 730 47 20 and
715 730 49 19 the

201 759 103 20 Hoover
323 758 184 21 Institution
528 763 30 14 on
576 758 64 25 War,
204 759 560 48 Revolution
289 788 47 19 and
356 788 95 24 Peace,
475 787 148 25 Stanford,
647 787 182 22 California.

205 813 29 22 42
255 818 27 20 1.
320 816 18 19 ©
355 817 116 20 Herbert
489 817 103 19 Hoover
612 816 203 21 Presidential

202 845 119 26 Library
338 846 96 24 Assn.,
458 845 79 25 Inc.;
560 845 131 25 15Jul70;

201 870 132 28 A208083.

169 906 64 20 Oral
253 906 119 23 history
392 903 151 21 interview
560 903 67 19 with
647 901 102 21 Arthur
767 901 28 20 A.

204 934 115 21 Curtice
340 934 32 24 by
390 931 116 26 Raymond
526 931 97 23 Henle,
647 929 149 24 director,

203 956 596 30 October 8, 1967 … for the Herbert
202 992 102 20 Hoover
323 989 201 21 Presidential
543 988 132 25 Library,
698 987 65 20 West

202 1020 114 23 Branch,
340 1019 78 23 Iowa,
442 1017 47 20 and
511 1017 47 20 the
577 1018 103 19 Hoover
205 1015 578 54 Institution
325 1054 30 14 on
372 1048 64 23 War,
458 1046 172 20 Revolution
649 1046 47 20 and
717 1044 96 25 Peace,

205 1076 145 24 Stanford,
375 1075 182 22 California.
598 1074 32 22 33
670 1087 7 7 l.

202 1104 19 19 ©
238 1106 116 19 Herbert
373 1105 102 20 Hoover
495 1102 201 21 Presidential
717 1101 120 24 Library

205 1135 96 23 Assn.,
325 1134 77 23 Inc.;
427 1131 130 25 30Dec70;
581 1127 131 25 A208112.

176 1165 66 20 Oral
260 1165 119 24 history
398 1164 153 21 interview
567 1165 67 19 with
655 1164 99 20 Carrie

209 1194 100 20 Butler
329 1193 170 26 Massenburg
520 1190 74 28 (Mrs.
620 1193 82 20 Bland
211 1193 560 56 Massenburg)

362 1224 34 24 by
413 1222 117 24 Raymond
550 1223 97 24 Henle,
672 1221 148 27 director,

209 1246 615 31 December 1, 1968 … for the Herbert
209 1281 101 21 Hoover
329 1280 202 21 Presidential
552 1280 130 25 Library,
705 1279 67 21 West

209 1310 114 25 Branch,
347 1310 78 25 Iowa,
449 1309 47 19 and
517 1309 48 20 the
585 1310 102 19 Hoover
210 1308 578 51 Institution
330 1344 31 14 on
379 1339 64 24 War,
466 1337 169 21 Revolution
655 1338 47 19 and
723 1337 97 24 Peace,

212 1367 146 25 Stanford,
382 1366 180 22 California.
602 1367 34 24 39
676 1381 6 6 l.

208 1396 20 19 ©
245 1397 116 20 Herbert
381 1396 100 21 Hoover
501 1396 204 20 Presidential

211 1426 119 24 Library
348 1426 95 24 Assn.,
468 1425 78 25 Inc.;
571 1421 130 28 28Aug70;

212 1450 129 29 A208089.

175 1485 65 20 Oral
260 1486 117 24 history
397 1484 152 22 interview
568 1485 66 20 with
655 1484 115 21 Charles
790 1484 28 21 B.

209 1514 97 21 Coates
329 1515 32 24 by
379 1514 115 25 Raymond
514 1514 99 25 Henle,
637 1513 148 25 director,

208 1538 493 30 November 14, 1967 … for the
207 1572 118 21 Herbert
344 1572 101 21 Hoover
465 1571 203 21 Presidential
688 1570 131 26 Library,

206 1601 68 21 West
295 1601 111 25 Branch,
431 1601 78 23 Iowa,
533 1600 48 21 and
602 1600 48 20 the
670 1600 102 20 Hoover

210 1630 184 21 Institution
414 1634 31 15 on
462 1629 64 24 War,
550 1628 170 21 Revolution
740 1628 47 20 and

211 1659 95 25 Peace,
330 1658 147 25 Stanford,
500 1658 182 20 California.
723 1656 33 20 20
776 1657 26 20 1.

209 1686 19 20 ©
244 1687 116 20 Herbert
380 1686 101 21 Hoover
501 1685 203 21 Presidential

211 1716 118 23 Library
346 1714 97 25 Assn.,
468 1714 78 24 Inc.;
569 1714 131 23 30Dec70;

211 1740 128 29 A211655.

173 1774 64 21 Oral
257 1774 119 24 history
395 1772 153 21 interview
565 1772 66 20 with
652 1771 134 21 Clarence

206 1803 29 21 C.
257 1802 80 21 Dill.
378 1802 48 21 See
445 1801 115 26 THAYER,
581 1800 132 21 HANFORD.

175 1835 65 20 Oral
259 1835 118 25 history
397 1834 151 21 interview
565 1834 68 19 with
654 1834 43 19 Dr.
722 1831 48 20 and

208 1864 62 20 Mrs.
293 1863 134 21 Nicholas
447 1862 28 21 A.
499 1862 119 25 Tierney
635 1862 35 24 by
687 1860 117 26 Raymond

208 1892 97 25 Henle,
329 1892 147 25 director,
499 1890 82 26 April
603 1890 45 25 12,
672 1885 64 29 1967

210 1921 48 19 for
278 1921 48 20 the
345 1920 117 21 Herbert
482 1920 100 19 Hoover
602 1917 204 22 Presidential

210 1950 129 25 Library,
361 1950 67 20 West
448 1949 114 25 Branch,
587 1949 78 24 Iowa,
690 1947 47 21 and
758 1946 47 20 the

209 1980 102 20 Hoover
330 1978 185 22 Institution
535 1983 33 15 on
585 1979 64 23 War,
211 1976 560 53 Revolution
297 2009 47 19 and
364 2008 96 25 Peace,
484 2007 148 24 Stanford,
210 2005 563 52 California.
329 2031 79 26 4-11.
447 2036 19 19 ©
483 2035 119 21 Herbert
621 2035 101 20 Hoover

211 2065 202 20 Presidential
434 2064 118 25 Library
569 2064 98 24 Assn.,
692 2063 78 24 Inc.;

296 2094 45 24 13Oct70;
363 2088 131 29 A208093.

185 2127 64 21 Oral
269 2128 119 23 history
408 2124 151 21 interview
576 2126 65 19 with
663 2125 46 20 Dr.
731 2124 30 20 J.

219 2156 99 20 Pearce
337 2154 129 22 Mitchell
492 2155 15 18 by
542 2154 117 24 Raymond
679 2153 99 24 Henle,

219 2178 500 31 director, September 14, 1967 …
221 2214 47 20 for
289 2215 47 19 the
354 2213 118 21 Herbert
490 2213 102 19 Hoover
613 2210 201 21 Presidential

219 2242 130 25 Library,
371 2242 66 20 West
457 2241 114 23 Branch,
596 2241 78 23 Iowa,
699 2239 46 21 and
768 2239 46 19 the

218 2272 102 20 Hoover
339 2270 186 21 Institution
545 2274 31 16 on
594 2270 63 23 War,
221 2268 562 52 Revolution
307 2300 47 20 and
374 2299 96 24 Peace,
494 2298 147 24 Stanford,
666 2297 181 21 California.

223 2329 30 22 27
295 2344 6 5 l.
338 2328 19 19 ©
373 2327 117 22 Herbert
509 2328 103 19 Hoover
631 2325 201 22 Presidential

221 2359 119 23 Library
357 2357 96 24 Assn.,
478 2356 78 23 Inc.;
581 2356 130 23 13Oct70;

221 2382 131 25 A208100.

186 2412 65 26 Oral
270 2419 117 25 history
406 2419 153 21 interview
576 2421 66 19 with
663 2421 44 19 Dr.

218 2447 101 20 Thomas
339 2449 25 19 S.
387 2448 121 25 Barclay
524 2448 35 24 by
576 2449 117 25 Raymond
714 2449 96 25 Henle,

219 2472 595 31 director, July 23, 1968 … for the
218 2504 118 21 Herbert
354 2506 100 20 Hoover
474 2506 203 20 Presidential
697 2506 130 26 Library,

217 2533 67 20 West
304 2533 112 26 Branch,
441 2534 79 25 Iowa,
544 2534 46 20 and
612 2535 48 20 the
679 2535 101 20 Hoover

220 2561 184 22 Institution
423 2567 32 15 on
473 2563 63 24 War,
559 2563 170 21 Revolution
749 2564 47 19 and

219 2591 97 25 Peace,
338 2591 148 26 Stanford,
509 2592 181 20 California.
730 2588 34 23 42
804 2607 6 6 l.

217 2620 19 19 ©
254 2621 116 19 Herbert
389 2621 101 20 Hoover
509 2621 204 20 Presidential

221 2648 116 49 Library
355 2649 97 25 Assn.,
477 2650 77 25 Inc.;
577 2649 132 26 31Jul70;

184 2707 65 21 Oral
269 2708 117 24 history
406 2706 149 21 interview
574 2707 67 20 with
661 2706 99 25 Dwight

218 2737 26 20 L.
266 2736 113 25 Wilbur,
403 2736 71 28 M.D.,
489 2735 34 24 by
539 2735 117 25 Raymond
677 2734 97 24 Henle,

217 2759 560 31 director, October 6, 1967 … for
217 2794 48 21 the
284 2795 117 20 Herbert
421 2794 100 19 Hoover
541 2792 203 21 Presidential

217 2823 129 25 Library,
367 2822 68 21 West
455 2822 114 24 Branch,
594 2821 77 24 Iowa,
695 2820 48 20 and
763 2819 49 20 the

217 2852 100 20 Hoover
336 2851 186 21 Institution
542 2855 32 15 on
590 2850 65 24 War,
214 2849 565 52 Revolution
299 2881 47 19 and
367 2880 95 23 Peace,
486 2877 147 24 Stanford,
658 2874 180 22 California.

215 2909 31 23 23
288 2924 5 5 l.
332 2909 19 19 ©
367 2907 117 22 Herbert
503 2907 102 20 Hoover
624 2903 203 23 Presidential

216 2938 118 24 Library
351 2936 96 25 Assn.,
471 2936 79 24 Inc.;
573 2934 131 23 30Dec70;

216 2962 129 29 A211658.

903 281 65 20 Oral
989 280 117 26 history
1126 281 150 22 interview
1296 282 66 21 with
1380 283 100 20 Edmund
1501 284 28 20 F.

935 309 130 26 Mansure,
1090 310 33 25 by
1139 311 118 24 Raymond
1277 312 98 25 Henle,
1398 312 148 25 director,

937 335 612 31 October 12, 1967 … for the Herbert
934 368 101 20 Hoover
1056 368 201 22 Presidential
1278 369 131 25 Library,
1429 369 68 21 West

936 396 112 26 Branch,
1073 397 79 26 Iowa,
1175 399 47 19 and
1244 399 47 20 the
1311 398 101 20 Hoover
935 398 581 48 Institution
1056 430 32 15 on
1105 425 64 25 War,
1193 426 170 21 Revolution
1382 426 47 20 and
1451 427 95 24 Peace,

937 453 146 27 Stanford,
1108 455 180 21 California.
1331 455 30 24 23
1403 470 5 5 l.

933 484 20 20 ©
969 483 116 21 Herbert
1105 483 100 21 Hoover
1226 482 202 22 Presidential
1450 483 118 24 Library

935 511 95 26 Assn.,
1055 512 78 25 Inc.;
1157 512 130 24 30Dec70;
1310 507 132 29 A211653.

915 544 64 20 Oral
999 543 119 26 history
1138 543 151 20 interview
1307 542 67 20 with
1393 541 83 20 Edwin
1497 541 27 21 S.

949 572 134 25 Friendly
1103 572 33 25 by
1153 572 116 24 Raymond
1290 571 97 23 Henle,
1410 569 148 25 director,

947 596 614 30 November 6, 1967 … for the Herbert
947 630 101 21 Hoover
1068 629 201 21 Presidential
1290 628 131 25 Library,
1444 628 66 19 West

947 659 114 24 Branch,
1086 659 65 20 Iowa
1171 658 46 21 and
1240 659 47 19 the
1305 657 104 21 Hoover

950 656 595 52 Institution
1034 692 31 15 on
1083 688 64 23 War,
1170 686 169 21 Revolution
1360 685 47 20 and
1428 686 96 24 Peace,

948 716 148 25 Stanford,
1120 716 183 20 California.
1344 714 31 23 27
1416 728 7 7 l.

947 744 19 20 ©
983 745 116 21 Herbert
1119 746 101 20 Hoover
1241 743 201 21 Presidential
1463 743 118 25 Library

950 774 95 24 Assn.,
1070 774 77 23 Inc.;
1173 772 129 24 17Nov70;
1326 768 131 25 A208110.

913 806 64 20 Oral
999 805 117 26 history
1138 805 149 20 interview
1305 804 67 20 with
1392 804 85 20 Frank
1495 805 29 21 E.

947 835 83 20 Mason
1053 830 81 28 (with
1152 835 64 20 Mrs.
1238 834 85 19 Frank
1340 833 29 20 E.
1396 829 109 30 (Ellen)

947 859 96 29 Mason)
1066 861 33 26 by
1118 863 115 24 Raymond
1254 862 97 24 Henle,
1374 862 149 24 director,

946 886 630 31 November 19, 1966 … for the Herbert
945 921 101 20 Hoover
1066 919 202 21 Presidential
1289 919 131 25 Library,
1442 919 66 20 West

945 949 114 24 Branch,
1084 949 79 24 Iowa,
1186 948 47 20 and
1255 949 46 19 the
1321 948 104 20 Hoover
948 948 577 49 Institution

1067 982 31 14 on
1116 977 63 24 War,
1202 976 170 21 Revolution
1392 976 47 21 and
1461 976 95 25 Peace,

947 1005 147 25 Stanford,
1118 1006 182 20 California.
1341 1001 30 23 62
1413 1019 7 8 l.
1458 1004 19 19 ©
948 1006 613 49 Herbert

1013 1035 103 20 Hoover
1135 1034 203 21 Presidential
1356 1034 120 24 Library

947 1063 96 25 Assn.,
1067 1063 79 24 Inc.;
1170 1062 130 25 17Nov70;
1323 1059 132 26 A208108.

914 1101 64 19 Oral
999 1100 119 24 history
1138 1099 151 19 interview
1306 1098 68 20 with
1393 1098 85 20 Frank
1497 1098 28 21 0.

949 1129 82 19 Prior
1051 1128 33 24 by
1101 1128 117 25 Raymond
1237 1128 98 23 Henle,
1359 1126 148 25 director,

948 1152 527 30 May 6, 1967 … for the Herbert
947 1187 101 20 Hoover
1067 1185 201 21 Presidential
1290 1185 131 25 Library,
1443 1184 67 20 West

947 1216 114 23 Branch,
1085 1215 80 24 Iowa,
1188 1213 47 22 and
1256 1215 47 19 the
1322 1214 104 20 Hoover
950 1214 577 50 Institution
1069 1248 30 15 on
1117 1244 63 24 War,
1203 1242 171 21 Revolution
1393 1242 47 20 and
1462 1242 95 25 Peace,

948 1272 147 25 Stanford,
1120 1272 181 21 California.
1342 1268 32 23 18
1415 1286 6 6 l.

946 1301 19 20 ©
981 1302 117 21 Herbert
1117 1302 103 19 Hoover
1239 1300 202 21 Presidential

949 1300 544 56 Library
1049 1331 98 22 Assn.,
1171 1330 78 24 Inc.;
1274 1329 130 24 13Oct70;
1428 1325 130 25 A208101.

913 1365 65 20 Oral
997 1364 119 25 history
1135 1364 152 20 interview
1305 1363 68 21 with
1392 1363 117 20 General

946 1395 28 19 W.
997 1395 27 19 W.
1049 1393 113 24 Rogers,
1185 1393 65 20 TISMC
1270 1393 35 24 by
1323 1393 116 24 Raymond
1460 1392 97 25 Henle,

947 1417 499 31 director, September 23, 1967 …
948 1451 48 19 for
1016 1450 47 20 the
1082 1450 118 20 Herbert
1220 1451 100 19 Hoover
1340 1450 202 20 Presidential

947 1479 130 26 Library,
1099 1479 67 20 West
1184 1480 116 24 Branch,
1325 1479 77 25 Iowa,
1428 1478 46 21 and
1495 1479 49 20 the

946 1509 100 20 Hoover
1067 1508 184 21 Institution
1272 1513 31 15 on
1321 1509 63 24 War,
948 1508 561 50 Revolution

1031 1538 48 19 and
1099 1539 96 23 Peace,
1220 1537 148 26 Stanford,
945 1538 565 49 California.
1049 1562 31 24 24
1121 1581 6 6 l.

1165 1567 19 20 ©
1201 1566 119 21 Herbert
1339 1567 102 19 Hoover
947 1567 594 49 Presidential

1084 1596 116 25 Library
1219 1596 97 25 Assn.,
1341 1596 78 23 Inc.;

962 1624 114 26 13Oct70;
1099 1620 131 29 A208096.

911 1659 64 20 Oral
995 1657 120 25 history
1133 1656 152 20 interview
1302 1654 69 21 with
1389 1653 101 24 George
1509 1653 29 20 H.

946 1686 116 24 Quinion
1081 1686 34 24 by
1133 1685 117 24 Raymond
1270 1683 97 25 Henle,
1391 1683 148 24 director,

946 1710 562 30 July 10, 1970 … for the Herbert
945 1744 100 20 Hoover
1065 1743 203 20 Presidential
1287 1741 132 25 Library,
1441 1739 66 20 West

946 1772 112 25 Branch,
1084 1772 77 24 Iowa,
1186 1771 46 20 and
1254 1770 47 20 the
1322 1769 101 20 Hoover

946 1768 580 53 Institution
1064 1805 33 14 on
1115 1799 63 26 War,
1202 1797 170 22 Revolution
1391 1797 48 19 and
1460 1796 97 25 Peace,

946 1829 146 25 Stanford,
1116 1827 182 21 California.
1338 1821 34 25 28
1412 1839 7 7 l.

942 1859 19 20 ©
980 1857 117 21 Herbert
1115 1857 101 20 Hoover
1237 1854 202 22 Presidential

945 1887 118 24 Library
1081 1886 99 25 Assn.,
1204 1885 77 24 Inc.;
1307 1883 130 25 12Mar71;

945 1911 132 30 A239578.

909 1954 65 22 Oral
995 1953 116 24 history
1132 1951 151 21 interview
1302 1949 67 21 with
1390 1951 98 22 George
1510 1950 26 19 P.

944 1982 181 25 Harrington.
1165 1983 50 20 See
1235 1980 147 25 CUBBEDGE,
1406 1979 116 21 ROBERT.

912 2018 63 20 Oral
996 2018 119 25 history
1135 2019 150 19 interview
1304 2019 66 20 with
1390 2019 102 19 Graham

946 2046 98 21 Stuart
1065 2046 33 25 by
1115 2047 116 24 Raymond
1252 2047 97 24 Henle,
1373 2047 148 25 director,

946 2072 611 29 October 11, 1967 … for the Herbert
944 2104 101 20 Hoover
1064 2104 200 21 Presidential
1287 2105 131 26 Library,
1440 2106 66 20 West

945 2133 113 24 Branch,
1081 2133 80 24 Iowa,
1184 2134 47 20 and
1254 2135 46 19 the
1319 2134 104 20 Hoover
946 2134 577 47 Institution

1064 2166 32 14 on
1114 2162 64 24 War,
1200 2162 171 20 Revolution
1390 2162 46 20 and
1458 2163 96 24 Peace,

944 2188 147 26 Stanford,
1116 2190 181 22 California.
1339 2187 32 23 24
1411 2205 6 6 l.

942 2216 19 20 ©
978 2218 115 21 Herbert
1113 2219 102 20 Hoover
1235 2219 201 21 Presidential
1457 2220 119 25 Library

944 2247 95 25 Assn.,
1064 2248 78 24 Inc.;
1167 2247 129 25 31Dec70;
1320 2245 131 29 A208115.

906 2284 66 20 Oral
992 2283 118 25 history
1129 2283 151 21 interview
1298 2282 67 21 with
1383 2282 119 20 Hanford

940 2313 99 24 Thayer
1060 2312 32 24 by
1110 2313 117 23 Raymond
1248 2312 96 24 Henle,
1369 2311 147 24 director,

942 2337 611 29 October 19, 1967 … for the Herbert
941 2369 99 20 Hoover
1061 2369 202 20 Presidential
1283 2368 130 25 Library,
1435 2367 67 20 West

941 2397 112 25 Branch,
1079 2398 77 24 Iowa,
1181 2398 47 19 and
1249 2397 47 20 the
1316 2396 101 21 Hoover

943 2426 184 21 Institution
1146 2431 33 15 on
1195 2427 64 23 War,
1284 2425 168 21 Revolution
1472 2425 47 19 and

943 2456 93 24 Peace,
1061 2455 147 25 Stanford,
1233 2454 180 21 California.
1454 2453 31 23 27
1527 2469 5 5 l.

940 2485 19 19 ©
975 2484 117 20 Herbert
1111 2484 101 20 Hoover
1233 2482 203 22 Presidential

942 2512 117 25 Library
1077 2512 98 24 Assn.,
1198 2513 78 23 Inc.;
1300 2511 131 26 30Dec70;

942 2538 128 28 A211657.

914 2575 64 20 Oral
998 2575 118 24 history
1136 2574 152 20 interview
1306 2573 65 20 with
1390 2573 86 25 Harry
1493 2573 30 21 H.

946 2604 84 20 Hicks
1050 2603 33 24 by
1100 2602 117 25 Raymond
1237 2603 98 23 Henle,
1358 2602 148 23 director,

949 2627 595 29 October 4, 1967 … for the Herbert
947 2661 102 20 Hoover
1068 2661 201 20 Presidential
1290 2660 131 24 Library,
1443 2659 67 20 West

948 2690 113 23 Branch,
1086 2689 78 23 Iowa,
1189 2690 46 19 and
1258 2690 46 19 the
1323 2689 103 20 Hoover
951 2688 576 50 Institution

1070 2722 31 15 on
1118 2718 63 24 War,
1204 2717 170 21 Revolution
1394 2717 46 20 and
1462 2718 96 22 Peace,

950 2746 146 25 Stanford,
1120 2746 181 21 California.
1343 2745 31 23 29
1415 2760 7 7 l.

947 2774 18 20 ©
982 2775 117 20 Herbert
1118 2775 103 20 Hoover
1239 2774 201 20 Presidential
1462 2774 117 25 Library

949 2804 96 23 Assn.,
1070 2803 77 23 Inc.;
1172 2803 130 24 17Nov70;
1325 2799 131 25 A208111.

915 2832 64 21 Oral
999 2833 119 25 history
1138 2834 150 20 interview
1307 2834 66 20 with
1392 2834 86 24 Harry
1494 2834 31 21 H.

948 2861 117 25 Vaughan
1089 2857 75 30 (Maj.
1188 2862 62 21 Gen.
1274 2862 61 22 U.S.
1359 2862 80 26 Army,
951 2864 542 50 Retired)

1068 2890 33 24 by
1119 2890 116 24 Raymond
1255 2891 97 24 Henle,
1376 2891 147 24 director,

949 2914 544 29 June 4, 1969 … for the Herbert
949 2947 101 20 Hoover
1069 2948 201 20 Presidential
1291 2948 130 26 Library,
1444 2949 66 19 West

1694 266 114 25 Branch,
1832 267 79 25 Iowa,
1935 268 47 21 and
2005 269 46 21 the
2071 271 100 20 Hoover
1695 270 578 46 Institution
1815 302 31 14 on
1863 297 64 24 War,
1950 298 170 22 Revolution
2139 301 46 19 and
2208 300 95 26 Peace,

1693 323 148 26 Stanford,
1866 324 181 26 California.
2089 327 30 25 39
2161 343 6 7 l.

1690 351 19 19 ©
1726 353 116 21 Herbert
1863 355 102 20 Hoover
1985 356 201 22 Presidential
1695 360 543 47 Library
1795 383 97 24 Assn.,
1917 384 78 24 Inc.;
2019 384 130 26 13Oct70;
2172 383 131 26 A208102.

1668 426 65 20 Oral
1752 426 120 26 history
1891 427 151 20 interview
2060 427 66 20 with
2146 429 62 19 Hon.

1702 455 116 20 Charles
1839 457 100 19 Edison
1958 456 34 25 by
2010 456 119 24 Raymond
2146 457 98 25 Henle,

1702 479 579 32 director, December 6, 1966 … for
1703 513 47 19 the
1770 514 117 20 Herbert
1907 514 100 20 Hoover
2026 514 203 20 Presidential

1702 541 131 26 Library,
1855 543 65 19 West
1942 542 114 25 Branch,
2080 543 78 25 Iowa,
2183 543 45 19 and
2251 542 47 20 the

1700 571 102 20 Hoover
1822 570 185 21 Institution
2028 575 31 15 on
2077 572 64 24 War,

1701 572 565 47 Revolution
1787 600 48 19 and
1854 601 97 24 Peace,
1976 599 148 26 Stanford,

1699 600 565 48 California.
1805 624 31 24 18
1877 643 5 6 l.
1921 629 19 20 ©
1958 628 118 21 Herbert
2094 629 102 20 Hoover

1701 628 597 48 Presidential
1839 658 118 24 Library
1975 658 97 24 Assn.,
2096 658 79 25 Inc.;

1702 685 130 26 12Oct70;
1855 682 130 29 A208092.

1660 723 63 21 Oral
1743 723 120 24 history
1883 720 153 22 interview
2051 719 69 21 with
2139 720 82 20 James
2241 718 28 20 A.

1694 752 102 25 Farley
1813 752 34 23 by
1865 750 117 26 Raymond
2002 748 98 26 Henle,
2123 748 148 24 director,

1695 774 614 31 December 7, 1966 … for the Herbert
1694 812 101 19 Hoover
1814 807 204 23 Presidential
2039 807 130 24 Library,
2191 806 67 19 West

1693 840 116 24 Branch,
1834 840 78 24 Iowa,
1936 837 47 21 and
2003 837 50 19 the
2071 837 102 19 Hoover
1695 833 580 55 Institution
1815 873 32 15 on
1866 869 64 23 War,
1952 865 169 22 Revolution
2143 864 46 20 and
2210 864 97 23 Peace,

1695 897 149 24 Stanford,
1869 894 180 22 California.
2089 889 32 28 45
2164 907 4 5 l.

1692 927 19 19 ©
1729 925 119 22 Herbert
1867 925 101 20 Hoover
1987 922 204 21 Presidential

1697 955 117 24 Library
1833 954 97 24 Assn.,
1956 953 77 24 Inc.;
2058 950 131 25 17Aug70;

1696 979 131 28 A208087.

1653 1026 63 19 Oral
1736 1024 121 23 history
1876 1020 151 22 interview
2045 1018 66 21 with
2132 1018 65 19 Jane

1687 1053 83 20 Snell
1790 1053 33 24 by
1841 1051 117 25 Raymond
1978 1048 98 24 Henle,
2100 1045 147 25 director,

1687 1074 564 32 March 1, 1968 … for the Herbert
1687 1112 102 19 Hoover
1809 1106 202 23 Presidential
2031 1105 131 23 Library,
2185 1103 67 20 West

1689 1139 114 25 Branch,
1827 1138 79 25 Iowa,
1929 1135 48 22 and
1999 1135 47 19 the
2066 1133 101 20 Hoover

1691 1167 184 23 Institution
1895 1171 32 15 on
1945 1164 64 25 War,
2032 1162 168 21 Revolution
2220 1160 49 20 and

1689 1198 98 24 Peace,
1810 1195 148 24 Stanford,
1982 1190 182 22 California.
2222 1185 14 24 18
2277 1201 7 7 l.

1686 1226 19 20 ©
1724 1224 117 21 Herbert
1861 1222 102 21 Hoover
1983 1218 201 22 Presidential

1690 1254 118 24 Library
1826 1252 98 24 Assn.,
1949 1250 77 24 Inc.;
2051 1247 130 24 12Mar71;

1689 1281 134 25 A239577.

1647 1323 64 20 Oral
1730 1323 121 24 history
1871 1321 150 21 interview
2040 1322 67 20 with
2126 1322 67 20 John
2210 1323 29 21 D.
2263 1322 27 22 M.

1680 1351 136 21 Hamilton
1835 1351 33 26 by
1885 1351 117 25 Raymond
2022 1351 99 23 Henle,
2143 1351 149 24 director,

1682 1376 552 29 February 11, 1967, May 31, 1967 …
1684 1410 47 19 for
1751 1410 47 20 the
1817 1410 118 20 Herbert
1954 1410 103 20 Hoover
2076 1408 201 21 Presidential

1681 1438 131 26 Library,
1834 1439 66 20 West
1920 1438 115 24 Branch,
2060 1438 78 24 Iowa,
2162 1438 47 20 and
2231 1438 47 20 the

1679 1469 103 19 Hoover
1802 1468 185 21 Institution
2008 1472 32 15 on
2057 1468 63 24 War,
1682 1469 562 47 Revolution
1767 1498 47 19 and
1836 1498 96 23 Peace,
1955 1496 148 25 Stanford,
2127 1495 181 22 California.

1683 1526 31 25 55
1754 1540 7 7 l.
1798 1524 19 21 ©
1834 1527 117 20 Herbert
1970 1526 105 19 Hoover
2092 1524 203 21 Presidential

1681 1555 118 26 Library
1817 1555 97 24 Assn.,
1938 1555 79 24 Inc.;
2041 1554 119 24 31Dec70;

1681 1580 130 28 A208117.

1652 1619 64 26 Oral
1736 1624 118 25 history
1875 1622 150 22 interview
2045 1621 66 21 with
2131 1621 66 21 John
2217 1620 100 21 Falter

1685 1655 33 24 by
1735 1654 119 24 Raymond
1873 1653 98 23 Henle,
1994 1651 149 24 director,

1687 1675 631 32 February 28, 1960 … for the Herbert
1687 1712 100 20 Hoover
1807 1709 203 22 Presidential
2030 1708 130 23 Library,
2182 1707 67 20 West

1687 1738 113 25 Branch,
1825 1739 78 23 Iowa,
1928 1737 47 20 and
1996 1736 48 19 the
2064 1736 101 19 Hoover

1688 1767 185 22 Institution
1894 1771 32 15 on
1942 1765 65 25 War,
2030 1762 169 22 Revolution
2220 1762 47 20 and

1687 1796 97 26 Peace,
1809 1796 147 24 Stanford,
1981 1793 180 21 California.
2203 1787 31 24 24
2274 1805 7 6 l.

1686 1825 19 20 ©
1721 1824 117 21 Herbert
1858 1825 101 19 Hoover
1981 1820 201 22 Presidential

1687 1854 120 24 Library
1824 1853 97 24 Assn.,
1947 1852 77 24 Inc.;
2047 1850 131 24 30Dec70;

1687 1878 132 30 A211656.

1660 1921 64 19 Oral
1744 1921 120 24 history
1884 1919 151 21 Interview
2053 1919 67 20 with
2140 1919 66 20 John
2225 1920 28 20 G.

1694 1950 49 19 Pew
1766 1945 76 29 (Jno.
1866 1951 28 19 G.
1917 1944 62 30 Pew)
2003 1948 32 24 by
2053 1947 116 26 Raymond
2189 1947 98 24 Henle,

1694 1971 599 31 director, November 26, 1967 … for
1696 2007 46 19 the
1762 2007 118 19 Herbert
1899 2007 102 20 Hoover
2021 2005 201 20 Presidential
1695 2005 579 56 Library,
1814 2036 66 19 West
1900 2034 114 24 Branch,
2039 2034 78 24 Iowa,
2141 2034 46 19 and
2210 2034 47 19 the

1693 2065 103 19 Hoover
1816 2063 185 21 Institution
2022 2067 32 16 on
2071 2062 63 24 War,
1696 2063 562 50 Revolution
1781 2093 48 20 and
1849 2094 95 22 Peace,
1968 2091 149 24 Stanford,
2141 2090 182 21 California.

1696 2121 31 20 22
1746 2122 29 21 1.
1812 2119 20 21 ©
1849 2121 115 21 Herbert
1984 2121 104 19 Hoover
2106 2119 202 21 Presidential

1695 2150 119 25 Library
1832 2151 96 22 Assn.,
1952 2149 79 23 Inc.;
2056 2148 129 24 17Nov70;

1694 2175 133 27 A208109.

1663 2219 64 20 Oral
1746 2219 120 24 history
1885 2217 152 21 interview
2055 2217 65 20 with
2141 2217 100 20 Joshua

1695 2249 96 23 Green,
1816 2247 44 20 Sr.
1902 2248 48 19 See
1969 2246 114 25 THAYER,
2107 2246 130 20 HANFORD.

1665 2290 65 19 Oral
1749 2290 120 25 history
1888 2289 152 20 Interview
2058 2289 66 19 with
2143 2289 85 24 Lydia

1699 2288 598 56 Murray
1767 2319 100 20 Huneke
1892 2314 75 29 (Mrs.
1991 2317 98 20 Albert
2109 2319 30 19 H.
2161 2314 114 28 Huneke)

1700 2348 32 24 by
1750 2348 116 24 Raymond
1886 2347 98 24 Henle,
2008 2346 147 25 director,
2179 2346 118 21 October

1699 2371 598 30 11, 1967 … for the Herbert Hoover
1699 2406 201 20 Presidential
1922 2405 130 25 Library,
2075 2404 65 20 West
2161 2405 114 23 Branch,

1700 2435 79 24 Iowa,
1802 2435 46 20 and
1872 2435 46 20 the
1937 2434 103 20 Hoover
2059 2433 186 21 Institution
2265 2437 31 16 on

1697 2463 64 25 War,
1785 2463 169 20 Revolution
1973 2462 46 20 and
2041 2462 97 24 Peace,
2161 2461 147 25 Stanford,

1700 2492 181 21 California.
1923 2488 29 24 16
1974 2491 28 21 1.
2038 2489 20 21 ©
2074 2491 117 20 Herbert
2211 2491 102 20 Hoover

1699 2520 202 21 Presidential
1920 2520 120 25 Library
2058 2520 97 24 Assn.,
2177 2520 79 24 Inc.;

1699 2546 113 27 6Nov70;
1835 2545 132 25 A208104.

1668 2592 64 20 Oral
1751 2592 121 25 history
1890 2592 153 20 interview
2059 2591 67 20 with
2144 2591 69 20 Mark

1701 2622 96 25 Kiley.
1839 2622 47 19 See
1906 2620 165 26 MORRISSEY,
2095 2620 116 21 CHARLES
2230 2620 28 20 T.

1663 2666 63 20 Oral
1746 2666 120 25 history
1886 2666 151 20 interview
2054 2665 69 20 with
2140 2666 45 19 Mr.
2210 2666 47 19 and

1695 2696 62 19 Mrs.
1782 2696 81 19 David
1885 2695 133 20 Lawrence
2042 2691 97 29 (three
2160 2690 146 30 sessions)

1695 2724 34 24 by
1748 2724 115 23 Raymond
1884 2723 97 26 Henle,
2005 2723 147 24 director,
1695 2724 563 49 November
1765 2753 45 25 11,
1834 2749 77 29 1966,
1935 2752 136 26 February
2090 2746 45 31 l4,
2158 2748 78 28 1967,

1695 2776 613 31 February 8, 1968 … for the Herbert
1696 2811 99 19 Hoover
1815 2809 202 21 Presidential
2040 2809 129 25 Library,
2190 2809 67 20 West

1695 2839 114 25 Branch,
1833 2839 78 25 Iowa,
1936 2838 48 21 and
2005 2838 47 19 the
2071 2838 100 20 Hoover

1696 2838 578 50 Institution
1816 2872 31 15 on
1867 2868 62 24 War,
1951 2866 170 21 Revolution
2141 2866 47 19 and
2208 2865 97 24 Peace,

1696 2896 148 25 Stanford,
1867 2895 181 21 California.
2091 2894 12 20 1
2122 2899 28 15 v.

1693 2924 20 20 ©
1730 2924 117 21 Herbert
1867 2924 101 20 Hoover
1987 2922 203 20 Presidential

1696 2923 545 54 Library
1800 2955 95 23 Assn.,
1920 2953 78 23 Inc.;
2023 2951 129 24 12Oct70;
2175 2946 130 28 A208090.
