2907 3879
2578 162 70 30 3235

61 401 197 28 Techniques
284 399 36 21 of
343 401 136 23 mergers
506 394 56 22 and
586 389 255 30 acquisitions.

102 434 95 25 Lewis
223 434 31 23 B.
281 429 200 27 Merrifield
505 429 74 27 III,
608 425 174 24 chairman.

101 468 116 25 Series
244 466 117 24 edited
384 465 39 28 by
446 464 98 27 Roger
565 460 32 24 A.
628 459 155 24 Needham.

103 500 55 31 296
183 508 32 23 p.
268 498 194 34 (Corporate
487 496 55 23 law
567 495 57 22 and
649 491 157 32 practice

103 541 117 19 course
244 533 159 25 handbook
427 530 133 29 series,
591 524 95 31 no.691

143 558 681 39 © Practising Law Institute; 14Jun71;
101 598 154 35 A258082.

85 644 55 24 The
165 643 98 25 Third
286 642 119 24 Annual
431 640 218 32 Immigration
673 641 57 23 and

124 677 283 26 Naturalization
430 676 194 24 Institute.
672 675 57 24 See

126 712 218 26 IMMIGRATION
368 713 60 22 AND
447 710 282 26 NATURALIZATION

126 747 195 32 INSTITUTE,
347 747 55 29 3D,
429 745 61 25 NEW
510 746 95 29 YORK,
633 744 93 29 1970.

71 791 98 25 Third
191 790 119 24 Annual
337 788 175 25 Institute
539 793 35 17 on
601 785 196 27 securities

112 824 237 31 Regulations.
393 821 123 26 Arthur
537 820 196 29 Fleischer,

113 861 73 29 Jr.,
215 858 173 24 chairman.
437 856 117 25 Robert
578 856 33 23 H.
639 852 177 30 Mundheim,

113 893 235 24 co-chairman.
396 887 60 28 280
479 896 30 24 p.
564 886 195 35 (corporate

115 928 56 23 law
194 928 20 22 &
236 927 156 29 practice
418 930 117 20 course
558 923 163 24 handbook

115 962 133 30 series,
274 957 118 35 no.77)
439 959 157 30 Prepared
621 958 60 24 for
116 957 643 64 distribution
317 996 37 23 at
379 995 56 23 the
461 994 152 29 seminar,
640 994 74 22 Nov.
742 986 75 33 4-6,

115 1031 93 29 1971.
253 1030 96 30 Appl.
380 1028 114 26 states
520 1027 178 31 copyright
722 1026 57 23 not

115 1065 138 25 claimed
278 1066 58 22 for
358 1069 58 24 any
439 1063 77 30 part
538 1062 141 23 written
702 1062 39 27 by
764 1065 18 17 a

114 1094 687 35 U.S. Govt. employee as part of his
116 1130 687 31 official duties. © Practising Law
117 1173 194 29 Institute;
340 1171 134 29 1Nov71;
498 1169 137 29 A291915.

76 1213 93 26 Third
195 1213 120 24 Annual
341 1211 175 26 Institute
543 1216 37 17 on
604 1210 55 23 the
685 1208 119 25 Thrift

117 1249 172 29 Industry:
322 1247 136 29 savings
480 1247 58 23 and
564 1245 78 23 loan
116 1244 689 64 associations
238 1283 57 22 and
318 1281 120 24 mutual
464 1280 136 30 savings
622 1279 116 23 banks.

116 1317 117 25 Daniel
259 1317 78 29 Clay
359 1317 135 29 Draper,
523 1315 175 23 chairman.
748 1308 56 28 128
828 1318 32 23 p.

122 1350 214 35 (Commercial
362 1352 56 22 law
442 1351 56 22 and
523 1349 158 29 practice
707 1352 117 19 course

116 1386 161 25 handbook
302 1385 132 30 series,
461 1381 116 35 no.65)
626 1382 158 30 Prepared

117 1421 58 25 for
199 1420 240 25 distribution
462 1419 38 23 at
524 1419 54 23 the
607 1417 153 28 seminar,

115 1456 76 24 Dec.
220 1454 52 30 10,
300 1454 94 28 1971.
439 1452 95 30 Appl.
565 1452 118 24 states
119 1455 666 65 copyright
239 1490 57 22 not
321 1488 139 24 claimed
483 1487 59 24 for
564 1491 58 24 any
646 1485 78 30 part

117 1519 689 34 written by a U.S. Govt. officer as
119 1558 76 30 part
221 1559 37 22 of
279 1558 58 23 his
364 1555 157 25 official
545 1554 135 24 duties.

159 1595 502 34 © Practising Law Institute;
139 1635 77 28 13Dec71;
301 1628 157 33 A291914.

79 1672 119 25 Treble
223 1673 117 28 damage
364 1671 155 31 actions,
549 1671 51 24 2d.
649 1671 119 28 George

120 1708 33 22 D.
181 1706 176 29 Reycraft,
385 1704 174 26 chairman.
610 1701 57 32 256
691 1710 32 24 p.

127 1737 193 35 (Corporate
346 1740 56 23 law
426 1740 20 22 &
467 1739 158 30 practice
650 1744 117 18 course

121 1773 161 25 handbook
304 1774 135 29 series,
467 1772 113 29 no.72.
628 1771 120 24 Edited
770 1770 42 30 by

120 1809 100 29 Roger
242 1808 33 24 A.
304 1804 157 35 Needham)
505 1808 94 29 Appl.
631 1807 116 23 states

121 1840 180 31 copyright
325 1841 58 23 not
406 1840 138 25 claimed
570 1846 37 17 on
629 1846 60 23 any
712 1839 140 31 portion

122 1873 710 33 done by U.S. Govt. employee as part
122 1907 704 66 of his official duties. NM: additions. © Practising Law Institute;
123 1977 134 30 9Aug71;
283 1977 156 29 A279570.

84 2015 99 24 Truth
207 2014 37 24 in
268 2014 138 29 lending
429 2012 174 31 problems.
124 2008 689 66 Co-chairmen:
226 2048 79 25 John
327 2049 33 23 H.
389 2048 97 29 Higgs
509 2048 19 22 &
551 2046 76 24 Carl
651 2047 33 22 D.
713 2043 134 26 Lobell.

123 2078 58 28 424
206 2088 34 24 p.
293 2078 214 37 (Commercial
531 2080 58 23 law
611 2079 59 24 and
693 2078 159 30 practice

126 2121 117 20 course
267 2115 161 24 handbook
453 2114 131 31 series,
612 2109 116 35 no.68)

126 2151 159 29 Prepared
309 2150 59 23 for
391 2147 239 26 distribution
653 2148 37 23 at
715 2152 16 17 a

128 2184 153 31 seminar,
309 2184 174 24 Jan.-Mar.
513 2182 91 28 1972.
651 2181 96 30 Appl.

129 2219 115 24 states
269 2217 179 30 copyright
473 2216 75 26 does
571 2216 58 23 not
654 2216 118 23 extend
799 2215 35 22 to

127 2250 627 33 any portions written by a U.S. Govt.
129 2285 156 26 official
310 2290 37 19 as
372 2285 76 29 part
474 2285 36 22 of
533 2283 57 24 his
615 2282 157 25 official

128 2315 748 33 duties. NM: additions. © Practising
129 2354 56 24 Law
211 2353 194 29 Institute;
435 2351 153 31 10Jan72;
613 2347 137 32 A296765.

109 2395 74 25 12th
207 2395 118 24 annual
350 2393 175 25 antitrust
553 2393 54 23 law
634 2390 193 25 institute.

147 2429 138 25 Jerrold
310 2430 29 23 G.
369 2429 60 23 Van
450 2426 95 31 Cise,
572 2425 174 24 chairman.

146 2465 117 23 Marcus
289 2463 155 28 Mattson,
472 2460 233 25 co-chairman.
756 2457 117 25 Series

148 2498 117 25 edited
288 2498 41 28 by
350 2499 100 27 Roger
471 2496 32 24 A.
533 2495 152 24 Needham.
735 2492 58 28 320
818 2498 31 23 p.

152 2530 194 34 (Corporate
373 2530 54 23 law
453 2530 55 23 and
533 2528 158 30 practice
716 2531 117 19 course

149 2559 702 70 handbook series, no.67) © Practising Law Institute; 7Jun71; A258079.
100 2642 72 26 U.S.
201 2642 117 23 income
344 2639 157 26 taxation
525 2641 38 22 of
586 2639 138 29 foreign

140 2676 238 31 corporations
404 2676 57 22 and
483 2673 222 26 nonresident
728 2672 135 25 aliens.

139 2710 58 25 See
220 2709 157 31 ROBERTS,
405 2708 118 25 SIDNEY
547 2708 32 25 I.

64 2752 196 27 PRACTISING
284 2752 58 25 LAW
366 2752 194 31 INSTITUTE,
586 2752 60 24 NEW
671 2751 94 24 YORK.

102 2789 56 23 See

103 2821 160 26 CONSUMER
286 2821 198 25 PROTECTION
508 2819 217 26 COMPLIANCE.

112 2862 221 26 CONTROLLING
354 2863 239 25 STOCKHOLDERS
616 2863 61 23 AND
700 2863 101 24 OTHER

154 2897 171 26 INSIDERS.

102 2934 158 26 EUROPEAN
285 2936 118 24 PATENT
426 2937 58 23 LAW
504 2936 61 24 AND
589 2936 174 24 PRACTICE.

113 2977 98 26 FIRST
231 2977 123 24 ANNUAL
375 2976 118 25 ESTATE
518 2976 159 24 PLANNING
152 2975 646 62 INSTITUTE.

106 3049 120 25 FRINGE
249 3049 158 24 BENEFITS
431 3048 99 24 AFTER
552 3048 58 23 TAX
635 3046 134 24 REFORM.

109 3084 101 26 NINTH
230 3085 122 23 ANNUAL
374 3084 178 24 DEFENDING
576 3083 165 24 CRIMINAL
760 3082 98 24 CASES

151 3120 112 25 FORUM.

100 3152 136 26 PRIVATE
259 3154 201 25 CHARITABLE
483 3155 219 25 FOUNDATIONS
728 3156 52 24 2D.

118 3195 56 25 SEC
198 3196 240 25 CONSEQUENCES
461 3197 38 24 OF
522 3197 180 24 CORPORATE

157 3230 255 28 ACQUISITIONS.

119 3268 120 25 SECOND
259 3268 122 24 ANNUAL
404 3267 179 25 INSTITUTE
606 3268 39 24 ON
666 3266 201 25 SECURITIES

158 3302 218 26 REGULATION.

79 3360 131 30 PRADET,
238 3361 134 25 CLAUDE.

120 3395 35 22 Je
177 3393 178 30 m'appelle
382 3395 54 24 AA.
464 3394 110 25 Hoose.
626 3393 112 29 Paris,
769 3393 35 23 La

158 3424 706 33 Table Ronde. 252 p. © Editions de
160 3461 35 24 la
221 3461 94 24 Table
342 3461 112 28 Ronde;
481 3460 156 30 30Aug71;
745 3454 114 34 AF0-66599.

77 3498 135 27 PRAEGER
236 3500 217 30 PUBLISHERS,
480 3500 72 26 INC.

115 3531 159 34 Advocacy
296 3535 161 28 planning
481 3534 54 24 for
559 3535 98 22 urban
154 3533 667 60 development.
297 3568 58 24 See
378 3567 155 32 BLECHER,
560 3568 80 24 EARL
660 3568 36 24 M.

962 315 160 25 American
1146 314 140 29 foreign
1308 313 120 30 policy
1452 313 96 23 since
1571 313 101 23 World

1001 351 60 24 War
1085 350 53 24 II.
1186 349 58 24 See
1268 348 156 30 SPANIER,
1452 348 78 24 JOHN
1551 347 35 24 W.

955 391 163 23 American
1142 390 134 22 silver.
1324 390 55 21 See
1407 387 94 30 HOOD,
1527 386 136 23 GRAHAM.

963 429 182 28 Brazilian
1168 424 241 33 agricultural
1431 419 202 29 technology

1006 466 57 23 and
1088 463 112 24 trade.
1250 462 58 22 See
1329 455 137 32 KNIGHT,
1493 453 101 24 PETER
1615 452 34 23 T.

973 500 101 23 Burma
1096 498 58 24 and
1179 496 174 24 Pakistan:
1382 501 18 17 a
1424 494 220 31 comparative

1016 534 99 29 study
1138 533 37 24 of
1199 531 236 30 development.
1484 531 57 22 See
1565 529 116 30 MAUNG,

1015 568 75 24 MYA.

967 595 176 30 Cigarette
1171 596 154 29 country.
1374 596 54 22 See
1453 595 139 30 WAGNER,
1618 595 115 24 SUSAN.

959 636 97 24 Civil
1079 636 140 24 nuclear
1243 640 97 24 power
1366 634 58 23 and
1448 632 260 25 international

1001 670 174 29 security.
1224 670 57 22 See
1303 668 178 31 WILLRICH,
1506 667 118 30 MASON,
1652 666 53 23 ed.

966 711 113 28 Class,
1108 709 237 28 bureaucracy,
1375 708 55 21 and
1455 705 155 23 schools.
1659 705 56 22 See

1004 745 97 30 KATZ,
1128 742 142 26 MICHAEL
1291 743 34 23 B.

967 782 137 27 Coastal
1132 790 75 18 zone
1232 788 159 19 resource
1414 780 217 31 management.

1008 821 57 24 See
1090 819 95 32 HITE,
1213 818 98 25 JAMES
1336 819 33 23 C.

980 862 159 26 Conflict
1164 863 38 24 in
1226 864 94 24 Laos.
1368 865 57 22 See
1448 864 137 31 DOMMEN,

1018 896 121 25 ARTHUR
1164 898 33 24 J.

970 938 160 25 Economic
1155 939 221 30 development
1402 940 35 24 in
1462 942 135 28 Ceylon.

1012 974 55 22 See
1093 973 260 32 KARUNATILAKE,
1380 975 33 24 H.
1438 975 35 25 N.
1501 976 32 23 S.

971 1012 58 23 The
1054 1017 140 26 economy
1218 1012 38 23 of
1278 1012 216 27 Mauritania.
1543 1016 57 22 See

1010 1045 179 33 WESTEBBE,
1216 1047 142 24 RICHARD
1379 1048 34 25 M.

982 1090 57 23 The
1065 1088 118 30 export
1205 1088 222 29 performance
1452 1086 36 23 of
1514 1085 58 24 six
1023 1090 652 63 manufacturing
1227 1121 216 24 industries.
1492 1120 57 24 See
1573 1119 137 30 HIRSCH,

1023 1158 95 25 SEEV.

973 1193 221 24 Foundations
1220 1194 37 22 of
1281 1200 37 17 an
1342 1194 239 29 agricultural
1605 1195 122 29 policy

1016 1227 37 23 in
1077 1227 175 31 Paraguay.
1301 1227 57 24 See
1381 1227 137 33 ARNOLD,
1544 1228 98 24 ADLAI
1667 1229 35 24 F.

989 1271 118 29 George
1134 1272 131 23 Inness.
1317 1273 56 22 See
1398 1271 174 32 CIKOVSKY,

1030 1304 155 32 NICOLAI,
1214 1305 53 24 JR.

974 1345 139 28 Germany
1138 1343 37 23 in
1199 1348 57 18 our
1280 1342 94 24 time.
1424 1342 54 24 See
1504 1341 157 30 GROSSER,

1012 1378 138 25 ALFRED.

965 1414 178 25 Hablamos!
1170 1414 120 23 Puerto
1314 1414 118 24 Ricans
1457 1413 113 29 speak.
1621 1414 57 22 See

1006 1448 200 32 YURCHENCO,
1231 1449 196 24 HENRIETTA.

966 1491 201 24 Homosexual
1191 1491 217 24 liberation.
1456 1492 56 23 See
1536 1491 137 30 BRAULT,

1007 1526 95 24 JOHN.

985 1560 140 30 Housing
1149 1559 117 24 crisis
1290 1558 116 25 U.S.A.
1454 1558 56 22 See
1535 1556 117 30 FRIED,

1027 1594 121 26 JOSEPH
1170 1595 33 23 P.

978 1629 56 24 The
1060 1629 119 30 impact
1203 1631 37 23 of
1264 1632 201 28 government
1489 1633 178 24 subsidies

1019 1670 38 18 on
1080 1663 199 27 industrial
1303 1667 218 29 management.
1569 1668 57 24 See

1017 1698 137 33 FINGER,
1181 1700 137 25 NACHUM.

986 1739 59 24 The
1070 1738 116 31 impact
1211 1741 38 23 of
1273 1741 97 24 taxes
1395 1747 37 18 on
1456 1742 57 24 the
1534 1743 163 24 American

1028 1778 155 27 economy.
1230 1776 59 22 See
1311 1776 136 31 THUROW,
1474 1777 123 23 LESTER
1618 1778 33 23 C.

987 1813 197 26 Lndustrial
1210 1815 118 30 safety
1353 1816 214 27 statistics:
1595 1824 19 18 a
1025 1825 648 48 reexamination.
1310 1850 58 24 See
1392 1850 135 33 GORDON,

1023 1881 121 25 JEROME
1166 1884 32 24 B.

981 1922 98 23 Inner
1104 1922 77 31 city
1206 1922 176 24 business.
1429 1923 56 24 See
1509 1923 200 29 ANDREASEN,

1020 1956 79 24 ALAN
1122 1957 35 26 R.

986 1988 341 28 Intermediate-size
1353 1992 116 26 cities
1495 2001 36 17 as
1556 1996 120 27 growth

1025 2022 154 27 centers.
1231 2025 57 24 See
1310 2026 137 33 HANSEN,
1474 2028 99 25 NILES
1596 2030 32 24 M.

981 2067 260 26 International
1268 2069 96 23 labor
1389 2068 178 26 relations

1020 2102 201 29 management
1248 2102 35 24 in
1307 2102 55 24 the
1389 2102 197 26 automotive

1022 2134 175 32 Industry.
1246 2137 55 24 See
1328 2137 135 31 KUJAWA,
1489 2138 113 24 DUANE.

989 2175 77 23 Iran
1090 2175 96 25 faces
1214 2177 55 23 the
1295 2178 192 26 seventies,
1537 2183 57 22 see

1027 2210 216 35 YAR-SHATER,
1272 2214 115 32 EHSAN,
1416 2214 51 26 ed.

983 2254 81 25 John
1086 2254 114 26 Sloan.
1250 2257 58 22 See
1331 2255 52 24 ST.
1411 2255 95 33 JOHN,
1535 2256 113 24 BRUCE.

996 2296 119 29 Joseph
1139 2296 136 24 Stella.
1323 2297 58 22 See
1403 2294 95 32 BAUR,
1526 2296 79 23 JOHN
1629 2295 30 24 I.
1688 2296 34 23 H.

987 2339 139 26 Justice
1150 2337 135 24 denied.
1334 2336 58 24 See
1415 2334 136 32 DOWNIE,
1578 2332 157 30 LEONARD,

1029 2374 54 24 JR.

996 2413 60 23 The
1077 2412 142 32 Kennedy
1243 2414 99 23 Round
1363 2415 60 23 and
1446 2414 57 24 the
1528 2414 117 24 future
1669 2415 39 23 of

1035 2446 166 26 American
1224 2448 113 24 trade.
1385 2450 57 23 See
1466 2449 135 31 CURTIS,

1038 2481 119 25 THOMAS
1181 2483 32 23 B.

991 2518 56 24 The
1071 2518 223 26 Korea-Japan
1319 2520 117 30 treaty
1460 2520 117 25 crisis
1603 2522 57 23 and
1685 2521 56 24 the

1032 2551 221 33 instability
1277 2555 38 22 of
1338 2554 56 23 the
1419 2554 119 25 Korean
1560 2555 182 29 politics!

1032 2586 134 30 system.
1215 2589 58 22 See
1296 2588 75 31 KIM,
1398 2588 77 24 KWAN
1499 2588 96 26 BONG.

988 2630 58 23 The
1069 2629 100 25 labor
1192 2629 179 24 economies
1396 2629 37 24 of
1456 2630 100 27 Japan
1578 2630 58 22 and
1660 2629 57 23 the

1027 2662 121 25 United
1172 2663 135 25 States.
1356 2663 56 24 See
1434 2662 118 32 EVANS,
1577 2662 138 30 ROBERT,

1029 2698 54 24 JR.

1001 2735 100 24 Labor
1125 2735 94 23 force
1245 2733 59 24 and
1325 2732 202 30 employment
1553 2731 35 24 in
1610 2732 117 29 Egypt.

1042 2772 56 22 See
1123 2770 97 31 NAGI,
1245 2768 142 25 MOSTAFA
1411 2769 31 23 H.

995 2808 75 23 Land
1096 2808 220 24 subdivision
1341 2807 214 30 regulation.
1604 2809 58 22 See

1033 2841 177 32 YEARWOOD,
1238 2842 140 23 RICHARD
1400 2842 33 24 M.

981 2882 100 23 Latin
1104 2880 160 27 American
1288 2882 254 30 legislatures:
1572 2885 101 24 their

1024 2916 76 25 role
1125 2917 57 24 and
1206 2918 195 25 influence.
1451 2919 56 25 See
1531 2920 95 31 AGOR,
1021 2950 121 25 WESTON
1164 2952 55 31 H.,
1247 2952 53 24 ed.

994 2990 56 23 The
1076 2990 117 25 limits
1219 2992 38 22 of
1280 2993 156 24 economic
1462 2995 118 26 growth
1606 2995 36 23 in

1034 3025 114 29 Spain.
1197 3027 57 22 See
1279 3026 115 31 ROMAN,
1420 3028 134 26 MANUEL.

990 3063 58 23 The
1073 3069 58 18 man
1156 3064 38 23 in
1217 3064 55 24 the
1296 3070 118 24 moone,
1438 3066 60 24 and
1521 3066 99 24 other
1646 3067 96 24 lunar

1033 3097 196 28 fantasies.
1278 3100 55 24 See
1361 3100 113 32 PIZOR,
1500 3102 101 25 FAITH
1624 3103 31 24 K.

989 3137 264 25 Modernization
1276 3139 58 23 and
1358 3138 180 32 diversity
1582 3146 17 17 in
1623 3141 115 23 Soviet

1032 3171 195 25 education.
1277 3173 56 22 See
1359 3172 134 33 PENNAR,
1520 3175 93 23 JAAN.

1008 3206 341 30 Paraprofessionals
1373 3211 57 22 and
1456 3211 98 25 their
1047 3212 670 53 performance.
1190 3242 55 22 See
1272 3242 155 30 GARTNER,
1453 3244 94 27 ALAN.

994 3276 160 32 Planning
1176 3280 59 22 and
1258 3283 181 29 governing
1462 3283 56 24 the
1543 3286 214 30 metropolis.

1034 3312 57 25 See
1116 3314 197 35 BALDINGER,
1340 3317 155 28 STANLEY.

998 3354 55 24 The
1081 3353 522 39 planning-programming-budge
1611 3361 78 30 ting

1041 3390 118 28 system
1185 3391 34 23 in
1244 3392 96 24 three
1368 3392 133 26 federal
1527 3395 176 29 agencies.

1038 3424 55 22 Sec
1120 3423 76 33 DOH,
1223 3426 79 23 JOON
1325 3427 112 26 CHIEN.

994 3461 17 25 A
1034 3466 160 27 proposal
1221 3465 35 23 to
1280 3466 117 30 change
1426 3467 52 24 the
1504 3469 177 24 structure
1707 3471 38 23 of

1034 3497 79 30 city
1136 3499 176 31 planning.
1360 3500 57 24 See
1441 3501 115 31 SPATT,
1584 3504 139 25 BEVERLY

1032 3532 96 25 MOSS.

1861 290 76 22 Race
1963 291 57 22 and
2043 291 159 29 politics
2228 292 39 23 in
2289 293 58 23 New
2372 293 77 24 York
2472 293 94 30 City.

1901 325 57 22 See
1982 324 156 32 BELLUSH,
2167 326 115 24 JEWEL.

1866 367 139 24 Radical
2030 368 57 23 and
2109 367 161 24 militant
2294 368 115 28 youth.
2458 368 55 22 See

1907 402 155 30 LIEBERT,
2089 401 138 25 ROBERT.

1864 440 119 23 Recent
2007 440 140 32 foreign
2170 442 118 24 direct
2311 442 263 32 manufacturing

1906 474 198 25 investment
2129 477 38 22 in
2191 477 57 23 the
2271 477 118 23 United
2413 478 136 24 States:

1906 515 38 17 an
1968 509 180 26 interview
2171 511 99 29 study
2293 512 38 23 of
2353 512 57 23 the
2434 512 162 24 decision

1903 548 157 23 process.
2109 545 57 22 See
2187 544 159 31 DANIELS,
2374 544 79 26 JOHN
2472 545 35 24 D.

1854 589 57 23 The
1935 590 78 23 role
2039 590 36 23 of
2098 595 100 24 group
2221 591 121 24 action
2365 592 37 23 in
2425 592 56 23 the

1896 621 343 28 industrialization
2262 626 37 22 of
2323 625 98 25 rural
2444 632 114 18 areas.

1895 658 56 22 See
1975 658 199 32 KLATZMANN,
2201 660 135 24 JOSEPH.

1868 698 141 24 Student
2031 699 217 25 alienation:
2275 704 18 18 a
2314 699 202 25 Venezuelan

1911 733 113 29 study.
2072 732 57 26 See
2151 733 138 31 ARNOVE,
2316 733 119 25 ROBERT
2458 734 33 23 F.

1868 766 121 23 Tariff
2010 767 161 29 profiles
2197 768 36 24 in
2256 769 100 24 Latin
2377 769 156 27 America.

1909 799 58 24 See
1990 801 96 31 BELL,
2112 801 103 25 HARRY
2235 803 34 24 H.

1862 837 158 24 Teachers
2045 844 36 18 as
2105 840 118 28 agents
2249 840 37 23 of
2310 839 157 26 national
1901 842 729 53 development:
2024 878 16 17 a
2065 878 77 19 case
2168 874 96 29 study
2289 875 38 22 of
2350 875 133 29 Uganda.
2533 878 56 22 See

1901 906 115 30 EVANS,
2044 906 100 25 DAVID
2165 908 33 24 R.

1870 943 200 27 Thailand's
2093 950 163 30 monetary
2280 952 212 29 experience:
2522 956 58 24 the

1913 981 177 24 economics
2116 983 36 23 of
2177 984 194 31 stability.
2420 989 58 23 See

1910 1014 177 33 TRESCOTT,
2114 1018 81 24 PAUL
2216 1020 33 24 B.

1873 1055 57 23 The
1955 1055 140 25 trouble
2116 1056 81 24 with
2218 1054 198 28 Americans.
2464 1058 57 22 See

1915 1089 175 31 CAMPBELL,
2116 1090 200 25 ALEXANDER.

1876 1125 142 32 Turning
2041 1127 58 26 the
2122 1136 77 24 guns
2224 1136 135 23 around:
2386 1138 98 26 notes
2509 1146 38 18 on

1918 1161 57 23 the
2000 1162 37 24 GI
2059 1167 177 25 movement.
2284 1170 57 23 See
2363 1169 202 30 WATERHOUSE

1916 1194 100 24 LARRY
2039 1197 19 22 G.

1871 1229 142 27 Warlord
2034 1232 177 30 politics.
2259 1236 58 24 See
2342 1237 73 32 PYE,
2442 1240 123 24 LUCIAN
2583 1241 36 25 W.

1888 1278 38 23 We
1952 1277 55 24 the
2033 1276 154 26 Chinese.
2235 1277 58 24 See
2317 1277 136 32 HUNTER,
2479 1278 158 24 DEIRDRE.

1868 1314 37 23 We
1931 1314 56 24 the
2011 1315 178 25 Russians.
2237 1315 57 24 See
2319 1316 156 31 SHUIMAN,
1911 1349 157 31 COLETTE,
2093 1349 55 26 ed.

1871 1388 100 23 Wider
1995 1394 72 19 war:
2098 1390 56 23 the
2180 1391 158 29 struggle
2363 1392 56 23 for
2444 1393 175 30 Cambodia,

1912 1423 177 30 Thailand,
2117 1424 57 23 and
2200 1425 92 24 Laos.
2343 1427 54 22 See
2420 1427 97 28 KIRK,

1912 1457 137 25 DONALD.

1824 1496 143 28 PRAEGER
1987 1498 218 35 PUBLISHERS,
2233 1500 73 27 INC.
2355 1502 58 25 See

1864 1535 122 23 TAIWAN
2008 1535 59 24 AND
2090 1536 159 26 AMERICAN
2272 1537 134 26 POLICY.

1854 1591 133 30 PRAGER,
2016 1591 136 28 ARTHUR.

1894 1625 138 23 Rascals
2055 1625 38 23 at
2120 1625 111 30 large,
2261 1632 52 23 or,
2342 1628 57 24 The
2424 1628 78 24 clue
2527 1629 36 24 in
2588 1630 56 23 the

1934 1658 57 24 old
2015 1659 197 30 nostalgia.
2263 1660 55 24 1st
2344 1662 50 23 ed.
2445 1663 118 24 Garden

1935 1692 92 29 City,
2056 1693 93 30 N.Y.,
2178 1694 196 30 Doubleday.
2423 1693 54 31 334
2506 1703 31 23 p.
2586 1700 51 22 NM:

1933 1724 684 38 additional text. © Arthur Prager;
1935 1759 152 30 15Oct71;
2115 1758 159 32 A275036.

1835 1834 133 31 PRAGER,
1997 1835 111 26 JONAS.

1873 1869 162 29 Monetary
2057 1871 196 30 economics;
2283 1873 258 26 controversies
2569 1875 35 24 in

1914 1903 121 30 theory
2057 1904 57 24 and
2139 1905 132 30 policy.
2321 1906 118 26 Edited
2463 1909 80 24 with

1916 1936 258 27 introductions
2200 1941 38 28 by
2261 1941 97 24 Jonas
2382 1943 134 30 Prager.

1915 1972 54 23 1st
1995 1973 53 24 ed.
2097 1973 59 23 New
2180 1974 92 30 York,
2300 1975 120 25 Random
2442 1978 112 25 House.

1914 2000 58 31 432
1995 2009 31 24 p.
2077 2005 53 25 NM:
2158 2007 115 29 pref.,
2302 2007 234 33 compilation,
2566 2013 74 27 part

1932 2036 258 33 introductions,
2219 2038 257 35 bibliography,
1913 2043 648 58 biographical
2116 2073 137 30 shorts,
2281 2073 195 34 headnotes,
2505 2077 112 30 index,

1912 2103 629 35 editing & 2 articles. © Random
1912 2140 115 29 House,
2055 2140 93 31 Inc.;
2177 2142 155 30 22Jan71;
2360 2141 154 34 A252439.

1836 2213 132 32 PRAGER,
1998 2213 114 27 MOSHE.

1876 2248 181 23 Professor
2079 2247 177 30 Haffkine,
2286 2247 55 24 the
2364 2248 57 23 Jew
2446 2248 57 23 who
2528 2248 98 23 saved

1917 2281 113 24 India.
2080 2280 118 26 Edited
2223 2281 37 29 by
2283 2279 162 26 Elchanan
2470 2280 173 24 Indelman.

1917 2314 219 25 Illustrated
2161 2315 40 29 by
2222 2315 97 24 Jakow
2343 2315 134 29 Enyedi.

1915 2350 119 23 Jewish
2058 2349 182 24 Education
2264 2350 113 23 Press.
2425 2344 36 27 44
2487 2356 30 24 p.

1920 2382 116 34 (Lador
2059 2383 120 30 junior
2202 2384 117 23 Hebrew
2346 2382 139 32 library
2508 2382 135 34 series)

1917 2418 37 23 In
1977 2418 135 28 Hebrew,
2140 2418 98 23 added
2266 2419 91 28 t.p.:
2386 2418 160 24 Profesor

1916 2450 608 31 Havkin; romanized. © Board of
1916 2486 118 24 Jewish
2057 2486 197 30 Education,
2285 2486 92 29 Inc.;
2406 2485 153 32 15Sep71;

1914 2516 155 33 A286515.

1838 2598 141 24 PRAIRIE
2003 2596 97 25 GROVE
2122 2596 182 24 TELEPHONE
2327 2597 75 28 CO.,
2428 2596 73 24 INC.

1880 2631 135 24 Prairie
2043 2631 114 28 Grove,
2185 2629 215 30 Farmington,
2430 2629 153 28 Lincoln,

1918 2667 136 25 Morrow,
2083 2663 73 25 Ark.
2204 2664 94 29 Appl.
2326 2663 135 25 author:
2489 2664 139 24 General

1918 2697 688 31 Telephone Directory Co. © Prairie
1920 2735 95 22 Grove
2041 2732 178 30 Telephone
2246 2732 74 28 Co.,
2349 2732 72 25 Inc.

1919 2766 481 31 Aug71. © 7Aug; A273312.
1845 2813 786 42 PRAIRIE STATE COLLEGE, CHICAGO HEIGHTS, ILL.
1885 2885 357 28 Surbiscobinomials.
2292 2889 58 25 See
2373 2890 162 27 ALDERMAN

1923 2920 61 23 VAN
2006 2921 33 23 V.

1844 2970 140 26 PRAIRIE
2005 2972 82 24 VIEW
2110 2971 112 25 PRESS.

1883 3007 100 25 Black
2012 3004 72 36 (and
2109 3004 117 34 other)
2250 3006 199 26 minorities
2476 3007 35 24 in

1925 3041 261 31 Shakespeare's
2210 3042 156 29 England.
2412 3041 57 25 See
2496 3043 157 26 FAGGETT,

1928 3078 99 24 HARRY
2047 3076 75 27 LEE.

1845 3137 113 32 PRALL,
1986 3136 120 26 ROBERT
2129 3136 33 26 C.

1885 3171 116 25 Normal
2028 3170 97 25 child
2149 3171 234 28 development:
2413 3175 38 19 an
1926 3169 668 60 annotated
2006 3204 243 30 bibliography
2273 3204 37 23 of
2333 3203 158 25 articles
2516 3203 56 23 and

1925 3239 97 24 books
2048 3238 179 30 published
2312 3232 134 30 1050-1060.
2495 3237 56 23 See

1926 3272 175 28 SCHULMAN,
2129 3271 121 24 JANICE
2274 3271 29 24 B.

1832 3349 134 28 PRASAD,
1995 3348 30 24 S.
2057 3347 174 29 BENJAMIN,
2261 3347 50 22 ed.

1872 3381 121 25 Modern
2036 3379 177 25 industrial
2237 3380 216 29 management.
2503 3383 59 22 San

1913 3414 196 25 Francisco.
2137 3413 161 24 Chandler
2323 3414 69 24 Pub.
2421 3414 52 25 Co.
2526 3410 57 27 460
2607 3420 29 23 p.

1918 3448 177 33 (Chandler
2119 3447 239 30 publications
2403 3454 16 18 in
2445 3449 54 22 the

1915 3482 240 30 applications
2179 3481 39 24 of
2239 3480 217 34 management)

1916 3515 659 32 NM: pref., introd. & compilation.
1954 3548 542 33 © Chandler Pub. Co.; 15Sep67;
1914 3584 118 25 A287732.
