<alto xmlns="http://www.loc.gov/standards/alto/ns-v3#" xmlns:xlink="http://www.w3.org/1999/xlink" xmlns:xsi="http://www.w3.org/2001/XMLSchema-instance" xsi:schemaLocation="http://www.loc.gov/standards/alto/ns-v3# http://www.loc.gov/alto/v3/alto-3-0.xsd"><Description>
<MeasurementUnit>pixel</MeasurementUnit>
<sourceImageInformation>
<fileName>1971_v25_2.pdf</fileName>
</sourceImageInformation>
<OCRProcessing ID="IdOcr">
<ocrProcessingStep>
<processingDateTime>2020-05-11</processingDateTime>
<processingSoftware>
<softwareCreator>ABBYY</softwareCreator>
<softwareName>ABBYY Recognition Server</softwareName>
<softwareVersion>4.0</softwareVersion>
</processingSoftware>
</ocrProcessingStep>
</OCRProcessing>
</Description>
<Styles>
<ParagraphStyle ID="StyleId-FFFFFFFF-FFFF-FFFF-FFFF-FFFFFFFFFFFF-" ALIGN="Left" LEFT="0." RIGHT="0." FIRSTLINE="0."/>
<ParagraphStyle ID="StyleId-28750667-4CAE-40F4-B790-A8685B468F33-" ALIGN="Left" LEFT="0." RIGHT="0." FIRSTLINE="0." LINESPACE="12.19999981"/>
<ParagraphStyle ID="StyleId-8C03F24E-A887-47E4-BC23-51364347F24D-" ALIGN="Block" LEFT="0." RIGHT="0." FIRSTLINE="0." LINESPACE="6.989999771"/>
<ParagraphStyle ID="StyleId-20E1BCFB-71CB-4FD6-815B-7CBB7377DB2F-" ALIGN="Center" LEFT="0." RIGHT="0." FIRSTLINE="0." LINESPACE="15.5"/>
<ParagraphStyle ID="StyleId-4AF1A6DC-DEB2-43A3-8A39-8C3CE9661C71-" ALIGN="Left" LEFT="0." RIGHT="0." FIRSTLINE="0." LINESPACE="7.699999809"/>
<ParagraphStyle ID="StyleId-F9172B43-00FE-4987-A854-2EE4C4E5EA6F-" ALIGN="Block" LEFT="0." RIGHT="0." FIRSTLINE="0." LINESPACE="6.989999771"/>
<ParagraphStyle ID="StyleId-608092F0-A718-4EAE-9730-CDC8AC993C93-" ALIGN="Block" LEFT="0." RIGHT="0." FIRSTLINE="0." LINESPACE="6.989999771"/>
<ParagraphStyle ID="StyleId-3B2D2F1D-F316-43EC-BD55-3E47722B01D8-" ALIGN="Left" LEFT="0." RIGHT="0." FIRSTLINE="-34." LINESPACE="7.699999809"/>
<ParagraphStyle ID="StyleId-173F7635-76F9-4568-A1C3-C7D1F9B001B6-" ALIGN="Left" LEFT="0." RIGHT="0." FIRSTLINE="0."/>
<ParagraphStyle ID="StyleId-46D5AEA1-1318-4A4D-87D7-7CF9538EF8C8-" ALIGN="Center" LEFT="0." RIGHT="0." FIRSTLINE="0." LINESPACE="12.19999981"/>
<ParagraphStyle ID="StyleId-80C6959B-1860-443D-A18A-992F0943DFC1-" ALIGN="Block" LEFT="0." RIGHT="0." FIRSTLINE="0." LINESPACE="13.98999977"/>
<ParagraphStyle ID="StyleId-8651EF80-4BCC-4FCF-B885-19B106F365A7-" ALIGN="Block" LEFT="0." RIGHT="0." FIRSTLINE="0." LINESPACE="9.100000381"/>
<ParagraphStyle ID="StyleId-AE8C688E-DBF1-4F26-ADDE-9E82282D1392-" ALIGN="Block" LEFT="0." RIGHT="0." FIRSTLINE="0." LINESPACE="7.699999809"/>
<ParagraphStyle ID="StyleId-C8249749-B2E7-42AB-BCE8-D64F17EBC06F-" ALIGN="Block" LEFT="0." RIGHT="0." FIRSTLINE="0." LINESPACE="7.199999809"/>
<ParagraphStyle ID="StyleId-4D5BEB6A-425B-4B6B-9D35-30BBE000B2F9-" ALIGN="Block" LEFT="0." RIGHT="0." FIRSTLINE="0." LINESPACE="6.380000114"/>
<ParagraphStyle ID="StyleId-2E1220D5-8E12-49EE-9150-C2BCD5B9452B-" ALIGN="Block" LEFT="0." RIGHT="0." FIRSTLINE="0." LINESPACE="6.380000114"/>
<ParagraphStyle ID="StyleId-4ACBC517-F1AD-42F9-8C43-B00255687D34-" ALIGN="Left" LEFT="0." RIGHT="0." FIRSTLINE="0." LINESPACE="7.699999809"/>
<ParagraphStyle ID="StyleId-3F9223AB-458F-417C-9FEB-EE7CC71001EA-" ALIGN="Left" LEFT="0." RIGHT="0." FIRSTLINE="0." LINESPACE="7.699999809"/>
<ParagraphStyle ID="StyleId-82C1C206-959A-4986-9572-D1E61282A910-" ALIGN="Block" LEFT="0." RIGHT="0." FIRSTLINE="0." LINESPACE="6.989999771"/>
<ParagraphStyle ID="StyleId-5FB3FD98-8985-4233-ABC5-55D684F66E45-" ALIGN="Left" LEFT="0." RIGHT="0." FIRSTLINE="-9." LINESPACE="6.789999962"/>
<ParagraphStyle ID="StyleId-6A5509DA-A192-4712-AF38-0E8EE6D0AA88-" ALIGN="Block" LEFT="0." RIGHT="0." FIRSTLINE="0." LINESPACE="6.789999962"/>
<ParagraphStyle ID="StyleId-0F70B262-2A01-46A5-8BA4-DAA3D9D27488-" ALIGN="Left" LEFT="0." RIGHT="0." FIRSTLINE="-14." LINESPACE="6.989999771"/>
<ParagraphStyle ID="StyleId-29E44E39-B400-4970-8021-D053FC8B778A-" ALIGN="Left" LEFT="0." RIGHT="0." FIRSTLINE="-3." LINESPACE="6.989999771"/>
<ParagraphStyle ID="StyleId-FF5C41A9-3B10-4204-B26C-ABB64DD936C9-" ALIGN="Left" LEFT="0." RIGHT="0." FIRSTLINE="-3." LINESPACE="6.96999979"/>
<ParagraphStyle ID="StyleId-F8E3E683-39D1-4A65-8779-282F78E15558-" ALIGN="Center" LEFT="0." RIGHT="0." FIRSTLINE="0." LINESPACE="24.89999962"/>
<ParagraphStyle ID="StyleId-0A6D72B1-D48E-4815-86ED-576F8B841992-" ALIGN="Left" LEFT="0." RIGHT="0." FIRSTLINE="-7." LINESPACE="7.199999809"/>
<ParagraphStyle ID="StyleId-A0CE3F5B-23DC-4293-BA62-CF7969009447-" ALIGN="Center" LEFT="0." RIGHT="0." FIRSTLINE="0." LINESPACE="15.5"/>
<ParagraphStyle ID="StyleId-D3A28170-B838-4DF9-BB63-7516C9CE5421-" ALIGN="Left" LEFT="0." RIGHT="0." FIRSTLINE="-9." LINESPACE="7.409999847"/>
<ParagraphStyle ID="StyleId-E66C892F-CB7C-4C7A-A152-6DAA9439CF29-" ALIGN="Block" LEFT="0." RIGHT="0." FIRSTLINE="-14." LINESPACE="6.380000114"/>
<ParagraphStyle ID="StyleId-5CD7CCC2-5D48-4414-8BE0-66F47534BF51-" ALIGN="Left" LEFT="0." RIGHT="0." FIRSTLINE="-8." LINESPACE="10.5"/>
<ParagraphStyle ID="StyleId-210EFAEF-9798-467B-9033-0D8820A9F7D1-" ALIGN="Left" LEFT="0." RIGHT="0." FIRSTLINE="0." LINESPACE="6.989999771"/>
<ParagraphStyle ID="StyleId-3CD3DF05-B457-4522-8A51-086C92462E24-" ALIGN="Block" LEFT="0." RIGHT="0." FIRSTLINE="0." LINESPACE="6.989999771"/>
<ParagraphStyle ID="StyleId-A2AC804C-FF65-4F05-90F0-C4AD90200BCC-" ALIGN="Left" LEFT="0." RIGHT="0." FIRSTLINE="0." LINESPACE="7.199999809"/>
<ParagraphStyle ID="StyleId-00517B19-B92F-4CC7-96B6-A91A79872B70-" ALIGN="Left" LEFT="0." RIGHT="0." FIRSTLINE="0." LINESPACE="8.300000191"/>
<ParagraphStyle ID="StyleId-76EC811D-1060-48E6-91C3-DE18795D7A58-" ALIGN="Left" LEFT="0." RIGHT="0." FIRSTLINE="0." LINESPACE="8.300000191"/>
<ParagraphStyle ID="StyleId-6E61C71D-1298-4809-A0BD-6A402F97FD8F-" ALIGN="Left" LEFT="0." RIGHT="0." FIRSTLINE="3." LINESPACE="6.989999771"/>
</Styles>
<Layout>
<Page ID="Page3176" PHYSICAL_IMG_NR="1" HEIGHT="6794" WIDTH="5329">
<TopMargin HEIGHT="409" WIDTH="5329" VPOS="0" HPOS="0">
</TopMargin>
<LeftMargin HEIGHT="5871" WIDTH="504" VPOS="409" HPOS="0">
</LeftMargin>
<RightMargin HEIGHT="5871" WIDTH="354" VPOS="409" HPOS="4975">
</RightMargin>
<BottomMargin HEIGHT="514" WIDTH="5329" VPOS="6280" HPOS="0">
</BottomMargin>
<PrintSpace HEIGHT="5871" WIDTH="4471" VPOS="409" HPOS="504">
<ComposedBlock ID="Page3176_Block1" HEIGHT="155" WIDTH="4405" VPOS="409" HPOS="557" TYPE="container">
<Shape>
<Polygon POINTS="558,409 683,409 683,410 891,410 891,411 1100,411 1100,412 1309,412 1309,413 1517,413 1517,414 1726,414 1726,415 1935,415 1935,416 2144,416 2144,417 2352,417 2352,418 2561,418 2561,419 2770,419 2770,420 2978,420 2978,421 3187,421 3187,422 3396,422 3396,423 3605,423 3605,424 3813,424 3813,425 4022,425 4022,426 4231,426 4231,427 4439,427 4439,428 4648,428 4648,429 4857,429 4857,430 4962,430 4962,476 4961,476 4961,564 4855,564 4855,563 4646,563 4646,562 4438,562 4438,561 4229,561 4229,560 4020,560 4020,559 3812,559 3812,558 3603,558 3603,557 3394,557 3394,556 3185,556 3185,555 2977,555 2977,554 2768,554 2768,553 2559,553 2559,552 2351,552 2351,551 2142,551 2142,550 1933,550 1933,549 1724,549 1724,548 1516,548 1516,547 1307,547 1307,546 1098,546 1098,545 890,545 890,544 681,544 681,543 557,543 557,474 558,474 558,409"/>
</Shape>
<TextBlock ID="Page3176_Block2" HEIGHT="79" WIDTH="147" VPOS="409" HPOS="557" LANG="en-US" STYLEREFS="StyleId-EF572B5B-22A6-48A7-8CE6-51312DD63B04-">
<Shape>
<Polygon POINTS="558,409 683,409 683,410 704,410 704,476 703,476 703,488 681,488 681,487 557,487 557,474 558,474 558,409"/>
</Shape>
<TextLine HEIGHT="53" WIDTH="120" VPOS="421" HPOS="571">
<String CONTENT="3176" HEIGHT="53" WIDTH="120" VPOS="421" HPOS="571"/>
</TextLine>
</TextBlock>
</ComposedBlock>
<TextBlock ID="Page3176_Block3" HEIGHT="428" WIDTH="1366" VPOS="699" HPOS="528" LANG="en-US" CS="1" STYLEREFS="StyleId-5C57FCE7-11FF-42EE-92AB-8D67FBCA0109-">
<Shape>
<Polygon POINTS="530,699 683,699 683,700 891,700 891,701 1100,701 1100,702 1309,702 1309,703 1517,703 1517,704 1726,704 1726,705 1894,705 1894,893 1893,893 1893,1102 1892,1102 1892,1127 1724,1127 1724,1126 1516,1126 1516,1125 1307,1125 1307,1124 1098,1124 1098,1123 890,1123 890,1122 681,1122 681,1121 529,1121 529,1120 528,1120 528,1100 529,1100 529,892 530,892 530,699"/>
</Shape>
<TextLine HEIGHT="55" WIDTH="572" VPOS="711" HPOS="542" STYLEREFS="StyleId-C7FB0806-7FEC-4F0B-864C-4C7DF5E17A64-" CS="1">
<String CS="1" CONTENT="OWNBEY," HEIGHT="41" WIDTH="206" VPOS="713" HPOS="542"/>
<SP HEIGHT="51" WIDTH="44" VPOS="713" HPOS="772"/>
<String CONTENT="GERALD" HEIGHT="42" WIDTH="204" VPOS="712" HPOS="817"/>
<SP HEIGHT="39" WIDTH="37" VPOS="714" HPOS="1022"/>
<String CONTENT="B." HEIGHT="40" WIDTH="54" VPOS="715" HPOS="1060"/>
</TextLine>
<TextLine HEIGHT="48" WIDTH="1123" VPOS="769" HPOS="613">
<String CONTENT="Common" HEIGHT="39" WIDTH="199" VPOS="774" HPOS="613"/>
<SP HEIGHT="29" WIDTH="36" VPOS="783" HPOS="813"/>
<String CONTENT="wild" HEIGHT="41" WIDTH="135" VPOS="772" HPOS="850"/>
<SP HEIGHT="40" WIDTH="40" VPOS="773" HPOS="986"/>
<String CONTENT="flowers" HEIGHT="41" WIDTH="234" VPOS="773" HPOS="1027"/>
<SP HEIGHT="29" WIDTH="41" VPOS="784" HPOS="1262"/>
<String CONTENT="of" HEIGHT="41" WIDTH="64" VPOS="773" HPOS="1304"/>
<SP HEIGHT="39" WIDTH="33" VPOS="774" HPOS="1369"/>
<String CONTENT="Minnesota." HEIGHT="42" WIDTH="333" VPOS="773" HPOS="1403"/>
</TextLine>
<TextLine HEIGHT="55" WIDTH="850" VPOS="829" HPOS="680">
<String CONTENT="Illus." HEIGHT="44" WIDTH="193" VPOS="829" HPOS="680"/>
<SP HEIGHT="44" WIDTH="46" VPOS="830" HPOS="874"/>
<String CONTENT="by" HEIGHT="50" WIDTH="67" VPOS="831" HPOS="921"/>
<SP HEIGHT="48" WIDTH="33" VPOS="833" HPOS="989"/>
<String CONTENT="Wilma" HEIGHT="40" WIDTH="172" VPOS="832" HPOS="1023"/>
<SP HEIGHT="39" WIDTH="33" VPOS="833" HPOS="1196"/>
<String CONTENT="Monserud." HEIGHT="44" WIDTH="300" VPOS="832" HPOS="1230"/>
</TextLine>
<TextLine HEIGHT="57" WIDTH="896" VPOS="885" HPOS="678" CS="1">
<String CS="1" CONTENT="Minneapolis," HEIGHT="52" WIDTH="375" VPOS="887" HPOS="678"/>
<SP HEIGHT="50" WIDTH="43" VPOS="889" HPOS="1082"/>
<String CONTENT="University" HEIGHT="49" WIDTH="346" VPOS="889" HPOS="1126"/>
<SP HEIGHT="38" WIDTH="36" VPOS="900" HPOS="1473"/>
<String CONTENT="of" HEIGHT="41" WIDTH="64" VPOS="889" HPOS="1510"/>
</TextLine>
<TextLine HEIGHT="117" WIDTH="1173" VPOS="941" HPOS="677" CS="1">
<String CONTENT="Minnesota" HEIGHT="43" WIDTH="310" VPOS="944" HPOS="677"/>
<SP HEIGHT="38" WIDTH="36" VPOS="947" HPOS="988"/>
<String CONTENT="Press." HEIGHT="40" WIDTH="193" VPOS="947" HPOS="1025"/>
<SP HEIGHT="46" WIDTH="80" VPOS="946" HPOS="1219"/>
<String CONTENT="331" HEIGHT="48" WIDTH="100" VPOS="945" HPOS="1300"/>
<SP HEIGHT="50" WIDTH="34" VPOS="946" HPOS="1401"/>
<String CONTENT="p." HEIGHT="39" WIDTH="59" VPOS="957" HPOS="1436"/>
<SP HEIGHT="42" WIDTH="76" VPOS="947" HPOS="1496"/>
<String CONTENT="&#169;" HEIGHT="38" WIDTH="39" VPOS="948" HPOS="1573"/>
<SP HEIGHT="40" WIDTH="33" VPOS="947" HPOS="1613"/>
<String CONTENT="University" HEIGHT="117" WIDTH="1167" VPOS="941" HPOS="683"/>
</TextLine>
<TextLine HEIGHT="56" WIDTH="710" VPOS="1001" HPOS="854" CS="1">
<String CONTENT="of" HEIGHT="41" WIDTH="63" VPOS="1003" HPOS="854"/>
<SP HEIGHT="40" WIDTH="36" VPOS="1004" HPOS="918"/>
<String CONTENT="Minnesota]" HEIGHT="52" WIDTH="332" VPOS="1003" HPOS="955"/>
<SP HEIGHT="53" WIDTH="47" VPOS="1003" HPOS="1288"/>
<String CONTENT="9Jul71;" HEIGHT="51" WIDTH="228" VPOS="1004" HPOS="1336"/>
</TextLine>
<TextLine HEIGHT="59" WIDTH="264" VPOS="1052" HPOS="678">
<!-- cceid 167E13CC-7178-1014-A92C-DCC6D41F8A68 --><String CONTENT="A252839." HEIGHT="59" WIDTH="264" VPOS="1052" HPOS="678"/>
</TextLine>
</TextBlock>
<TextBlock ID="Page3176_Block4" HEIGHT="400" WIDTH="1214" VPOS="1177" HPOS="536" LANG="en-US" CS="1" STYLEREFS="StyleId-5C57FCE7-11FF-42EE-92AB-8D67FBCA0109-">
<Shape>
<Polygon POINTS="538,1177 683,1177 683,1178 891,1178 891,1179 1100,1179 1100,1180 1309,1180 1309,1181 1517,1181 1517,1182 1726,1182 1726,1183 1750,1183 1750,1311 1749,1311 1749,1519 1748,1519 1748,1577 1724,1577 1724,1576 1516,1576 1516,1575 1307,1575 1307,1574 1098,1574 1098,1573 890,1573 890,1572 681,1572 681,1571 536,1571 536,1518 537,1518 537,1309 538,1309 538,1177"/>
</Shape>
<TextLine HEIGHT="59" WIDTH="1131" VPOS="1190" HPOS="551">
<String CONTENT="OXENBURY," HEIGHT="52" WIDTH="301" VPOS="1190" HPOS="551"/>
<SP HEIGHT="50" WIDTH="44" VPOS="1192" HPOS="853"/>
<String CONTENT="HELEN." HEIGHT="43" WIDTH="194" VPOS="1192" HPOS="898"/>
<SP HEIGHT="42" WIDTH="83" VPOS="1194" HPOS="1093"/>
<String CONTENT="See" HEIGHT="40" WIDTH="95" VPOS="1195" HPOS="1177"/>
<SP HEIGHT="40" WIDTH="41" VPOS="1195" HPOS="1273"/>
<String CONTENT="BURNINGHAM," HEIGHT="54" WIDTH="367" VPOS="1195" HPOS="1315"/>
</TextLine>
<TextLine HEIGHT="46" WIDTH="504" VPOS="1251" HPOS="622">
<String CONTENT="HELEN" HEIGHT="41" WIDTH="170" VPOS="1251" HPOS="622"/>
<SP HEIGHT="40" WIDTH="35" VPOS="1252" HPOS="793"/>
<String CONTENT="OXENBURY." HEIGHT="45" WIDTH="297" VPOS="1252" HPOS="829"/>
</TextLine>
<TextLine HEIGHT="60" WIDTH="611" VPOS="1335" HPOS="566">
<String CONTENT="OXENFORD," HEIGHT="57" WIDTH="299" VPOS="1336" HPOS="566"/>
<SP HEIGHT="55" WIDTH="43" VPOS="1339" HPOS="866"/>
<String CONTENT="DAVID" HEIGHT="45" WIDTH="171" VPOS="1337" HPOS="910"/>
<SP HEIGHT="42" WIDTH="35" VPOS="1341" HPOS="1082"/>
<String CONTENT="D." HEIGHT="43" WIDTH="59" VPOS="1342" HPOS="1118"/>
</TextLine>
<TextLine HEIGHT="61" WIDTH="1105" VPOS="1398" HPOS="632">
<String CONTENT="Geography" HEIGHT="52" WIDTH="311" VPOS="1399" HPOS="632"/>
<SP HEIGHT="51" WIDTH="37" VPOS="1400" HPOS="944"/>
<String CONTENT="&amp;" HEIGHT="39" WIDTH="33" VPOS="1400" HPOS="982"/>
<SP HEIGHT="40" WIDTH="30" VPOS="1400" HPOS="1016"/>
<String CONTENT="world" HEIGHT="41" WIDTH="171" VPOS="1402" HPOS="1047"/>
<SP HEIGHT="39" WIDTH="38" VPOS="1403" HPOS="1219"/>
<String CONTENT="affairs," HEIGHT="53" WIDTH="264" VPOS="1404" HPOS="1258"/>
<SP HEIGHT="52" WIDTH="46" VPOS="1406" HPOS="1523"/>
<String CONTENT="third" HEIGHT="42" WIDTH="167" VPOS="1407" HPOS="1570"/>
</TextLine>
<TextLine HEIGHT="58" WIDTH="1003" VPOS="1459" HPOS="702" CS="1">
<String CONTENT="edition." HEIGHT="44" WIDTH="265" VPOS="1459" HPOS="703"/>
<SP HEIGHT="41" WIDTH="79" VPOS="1462" HPOS="969"/>
<String CONTENT="See" HEIGHT="41" WIDTH="98" VPOS="1462" HPOS="1049"/>
<SP HEIGHT="39" WIDTH="39" VPOS="1463" HPOS="1148"/>
<String CS="1" CONTENT="JONES," HEIGHT="41" WIDTH="169" VPOS="1463" HPOS="1188"/>
<SP HEIGHT="50" WIDTH="44" VPOS="1466" HPOS="1384"/>
<String CONTENT="MARJORIE" HEIGHT="44" WIDTH="276" VPOS="1464" HPOS="1429"/>
</TextLine>
<TextLine HEIGHT="43" WIDTH="159" VPOS="1517" HPOS="704">
<String CONTENT="JEAN." HEIGHT="43" WIDTH="159" VPOS="1517" HPOS="704"/>
</TextLine>
</TextBlock>
<TextBlock ID="Page3176_Block5" HEIGHT="430" WIDTH="1256" VPOS="1591" HPOS="548" LANG="en-US" CS="1" STYLEREFS="StyleId-5C57FCE7-11FF-42EE-92AB-8D67FBCA0109-">
<Shape>
<Polygon POINTS="550,1591 683,1591 683,1592 891,1592 891,1593 1100,1593 1100,1594 1309,1594 1309,1595 1517,1595 1517,1596 1726,1596 1726,1597 1804,1597 1804,1728 1803,1728 1803,1937 1802,1937 1802,2021 1724,2021 1724,2020 1516,2020 1516,2019 1307,2019 1307,2018 1098,2018 1098,2017 890,2017 890,2016 681,2016 681,2015 548,2015 548,1935 549,1935 549,1726 550,1726 550,1591"/>
</Shape>
<TextLine HEIGHT="56" WIDTH="641" VPOS="1604" HPOS="563" CS="1">
<String CS="1" CONTENT="OXENHORN," HEIGHT="42" WIDTH="273" VPOS="1604" HPOS="563"/>
<SP HEIGHT="52" WIDTH="44" VPOS="1607" HPOS="862"/>
<String CONTENT="JOSEPH" HEIGHT="42" WIDTH="204" VPOS="1607" HPOS="907"/>
<SP HEIGHT="40" WIDTH="36" VPOS="1609" HPOS="1112"/>
<String CONTENT="M." HEIGHT="42" WIDTH="55" VPOS="1609" HPOS="1149"/>
</TextLine>
<TextLine HEIGHT="59" WIDTH="1128" VPOS="1661" HPOS="631">
<String CONTENT="Biology" HEIGHT="52" WIDTH="241" VPOS="1661" HPOS="631"/>
<SP HEIGHT="51" WIDTH="37" VPOS="1663" HPOS="873"/>
<String CONTENT="1:" HEIGHT="42" WIDTH="53" VPOS="1664" HPOS="911"/>
<SP HEIGHT="40" WIDTH="46" VPOS="1666" HPOS="965"/>
<String CONTENT="The" HEIGHT="41" WIDTH="97" VPOS="1666" HPOS="1012"/>
<SP HEIGHT="31" WIDTH="38" VPOS="1675" HPOS="1110"/>
<String CONTENT="materials" HEIGHT="41" WIDTH="305" VPOS="1666" HPOS="1149"/>
<SP HEIGHT="32" WIDTH="41" VPOS="1676" HPOS="1455"/>
<String CONTENT="of" HEIGHT="41" WIDTH="64" VPOS="1668" HPOS="1497"/>
<SP HEIGHT="41" WIDTH="40" VPOS="1668" HPOS="1562"/>
<String CONTENT="life;" HEIGHT="52" WIDTH="156" VPOS="1668" HPOS="1603"/>
</TextLine>
<TextLine HEIGHT="59" WIDTH="1065" VPOS="1721" HPOS="703">
<String CONTENT="laboratory" HEIGHT="52" WIDTH="340" VPOS="1721" HPOS="703"/>
<SP HEIGHT="40" WIDTH="32" VPOS="1733" HPOS="1044"/>
<String CONTENT="workbook." HEIGHT="42" WIDTH="300" VPOS="1724" HPOS="1077"/>
<SP HEIGHT="39" WIDTH="81" VPOS="1729" HPOS="1378"/>
<String CONTENT="By" HEIGHT="49" WIDTH="67" VPOS="1729" HPOS="1460"/>
<SP HEIGHT="48" WIDTH="35" VPOS="1730" HPOS="1528"/>
<String CONTENT="Joseph" HEIGHT="50" WIDTH="204" VPOS="1730" HPOS="1564"/>
</TextLine>
<TextLine HEIGHT="48" WIDTH="988" VPOS="1780" HPOS="699" CS="1">
<String CONTENT="M." HEIGHT="39" WIDTH="55" VPOS="1781" HPOS="699"/>
<SP HEIGHT="40" WIDTH="49" VPOS="1781" HPOS="755"/>
<String CONTENT="Oxenhorn" HEIGHT="42" WIDTH="271" VPOS="1780" HPOS="805"/>
<SP HEIGHT="39" WIDTH="35" VPOS="1784" HPOS="1077"/>
<String CONTENT="&amp;" HEIGHT="38" WIDTH="34" VPOS="1785" HPOS="1113"/>
<SP HEIGHT="40" WIDTH="31" VPOS="1785" HPOS="1148"/>
<String CONTENT="W." HEIGHT="39" WIDTH="58" VPOS="1786" HPOS="1180"/>
<SP HEIGHT="38" WIDTH="48" VPOS="1787" HPOS="1239"/>
<String CONTENT="Dean" HEIGHT="39" WIDTH="135" VPOS="1787" HPOS="1288"/>
<SP HEIGHT="40" WIDTH="35" VPOS="1787" HPOS="1424"/>
<String CONTENT="Hawver." HEIGHT="41" WIDTH="227" VPOS="1787" HPOS="1460"/>
</TextLine>
<TextLine HEIGHT="64" WIDTH="1057" VPOS="1831" HPOS="699">
<String CONTENT="New" HEIGHT="39" WIDTH="100" VPOS="1839" HPOS="699"/>
<SP HEIGHT="39" WIDTH="37" VPOS="1840" HPOS="800"/>
<String CONTENT="York," HEIGHT="51" WIDTH="161" VPOS="1839" HPOS="838"/>
<SP HEIGHT="49" WIDTH="44" VPOS="1841" HPOS="1000"/>
<String CONTENT="Globe" HEIGHT="42" WIDTH="168" VPOS="1840" HPOS="1045"/>
<SP HEIGHT="38" WIDTH="37" VPOS="1843" HPOS="1214"/>
<String CONTENT="Book" HEIGHT="41" WIDTH="135" VPOS="1841" HPOS="1252"/>
<SP HEIGHT="41" WIDTH="37" VPOS="1842" HPOS="1388"/>
<String CONTENT="Co." HEIGHT="39" WIDTH="90" VPOS="1844" HPOS="1426"/>
<SP HEIGHT="50" WIDTH="78" VPOS="1834" HPOS="1517"/>
<String CONTENT="48" HEIGHT="48" WIDTH="67" VPOS="1835" HPOS="1596"/>
<SP HEIGHT="59" WIDTH="33" VPOS="1835" HPOS="1664"/>
<String CONTENT="p." HEIGHT="40" WIDTH="58" VPOS="1855" HPOS="1698"/>
</TextLine>
<TextLine HEIGHT="66" WIDTH="1024" VPOS="1890" HPOS="706">
<String CONTENT="(Pathways" HEIGHT="60" WIDTH="297" VPOS="1890" HPOS="706"/>
<SP HEIGHT="39" WIDTH="45" VPOS="1898" HPOS="1003"/>
<String CONTENT="in" HEIGHT="40" WIDTH="64" VPOS="1898" HPOS="1048"/>
<SP HEIGHT="30" WIDTH="40" VPOS="1908" HPOS="1112"/>
<String CONTENT="science)" HEIGHT="61" WIDTH="262" VPOS="1894" HPOS="1152"/>
<SP HEIGHT="60" WIDTH="75" VPOS="1895" HPOS="1414"/>
<String CONTENT="&#169;" HEIGHT="41" WIDTH="41" VPOS="1900" HPOS="1489"/>
<SP HEIGHT="42" WIDTH="33" VPOS="1901" HPOS="1530"/>
<String CONTENT="Globe" HEIGHT="41" WIDTH="167" VPOS="1902" HPOS="1563"/>
</TextLine>
<TextLine HEIGHT="62" WIDTH="1091" VPOS="1947" HPOS="700" CS="1">
<String CONTENT="Book" HEIGHT="39" WIDTH="134" VPOS="1954" HPOS="700"/>
<SP HEIGHT="41" WIDTH="37" VPOS="1954" HPOS="835"/>
<String CS="1" CONTENT="Co.," HEIGHT="41" WIDTH="88" VPOS="1955" HPOS="873"/>
<SP HEIGHT="45" WIDTH="49" VPOS="1959" HPOS="998"/>
<String CONTENT="Inc.;" HEIGHT="47" WIDTH="157" VPOS="1959" HPOS="1048"/>
<SP HEIGHT="49" WIDTH="49" VPOS="1957" HPOS="1206"/>
<String CONTENT="Uun71;" HEIGHT="50" WIDTH="226" VPOS="1957" HPOS="1256"/>
<SP HEIGHT="48" WIDTH="45" VPOS="1960" HPOS="1483"/>
<!-- cceid 1680DA32-7178-1014-A92C-DCC6D41F8A68 --><String CONTENT="A255583." HEIGHT="58" WIDTH="262" VPOS="1951" HPOS="1529"/>
</TextLine>
</TextBlock>
<TextBlock ID="Page3176_Block6" HEIGHT="786" WIDTH="1344" VPOS="2017" HPOS="580" LANG="en-US" CS="1" STYLEREFS="StyleId-5C57FCE7-11FF-42EE-92AB-8D67FBCA0109-">
<Shape>
<Polygon POINTS="584,2017 683,2017 683,2018 891,2018 891,2019 1100,2019 1100,2020 1309,2020 1309,2021 1517,2021 1517,2022 1726,2022 1726,2023 1924,2023 1924,2146 1923,2146 1923,2354 1922,2354 1922,2563 1921,2563 1921,2772 1920,2772 1920,2803 1724,2803 1724,2802 1516,2802 1516,2801 1307,2801 1307,2800 1098,2800 1098,2799 890,2799 890,2798 681,2798 681,2797 580,2797 580,2770 581,2770 581,2561 582,2561 582,2353 583,2353 583,2144 584,2144 584,2017"/>
</Shape>
<TextLine HEIGHT="64" WIDTH="1277" VPOS="2029" HPOS="596" CS="1">
<String CONTENT="Built" HEIGHT="43" WIDTH="167" VPOS="2029" HPOS="596"/>
<SP HEIGHT="41" WIDTH="40" VPOS="2032" HPOS="764"/>
<String CONTENT="for" HEIGHT="43" WIDTH="99" VPOS="2033" HPOS="805"/>
<SP HEIGHT="42" WIDTH="38" VPOS="2034" HPOS="905"/>
<String CONTENT="living;" HEIGHT="53" WIDTH="227" VPOS="2034" HPOS="944"/>
<SP HEIGHT="49" WIDTH="49" VPOS="2038" HPOS="1172"/>
<String CONTENT="laboratory" HEIGHT="54" WIDTH="339" VPOS="2038" HPOS="1222"/>
<SP HEIGHT="39" WIDTH="34" VPOS="2053" HPOS="1562"/>
<String CS="1" CONTENT="workbook," HEIGHT="43" WIDTH="276" VPOS="2044" HPOS="1597"/>
</TextLine>
<TextLine HEIGHT="62" WIDTH="1036" VPOS="2089" HPOS="663">
<String CONTENT="by" HEIGHT="51" WIDTH="69" VPOS="2089" HPOS="663"/>
<SP HEIGHT="50" WIDTH="37" VPOS="2090" HPOS="732"/>
<String CONTENT="Joseph" HEIGHT="53" WIDTH="204" VPOS="2090" HPOS="769"/>
<SP HEIGHT="40" WIDTH="34" VPOS="2093" HPOS="974"/>
<String CONTENT="M." HEIGHT="45" WIDTH="59" VPOS="2093" HPOS="1008"/>
<SP HEIGHT="44" WIDTH="49" VPOS="2095" HPOS="1067"/>
<String CONTENT="Oxenhorn," HEIGHT="54" WIDTH="299" VPOS="2096" HPOS="1116"/>
<SP HEIGHT="51" WIDTH="43" VPOS="2099" HPOS="1415"/>
<String CONTENT="W." HEIGHT="44" WIDTH="60" VPOS="2099" HPOS="1458"/>
<SP HEIGHT="46" WIDTH="45" VPOS="2098" HPOS="1518"/>
<String CONTENT="Dean" HEIGHT="43" WIDTH="136" VPOS="2099" HPOS="1563"/>
</TextLine>
<TextLine HEIGHT="54" WIDTH="1207" VPOS="2149" HPOS="666" CS="1">
<String CONTENT="Hawver" HEIGHT="41" WIDTH="202" VPOS="2149" HPOS="666"/>
<SP HEIGHT="40" WIDTH="36" VPOS="2151" HPOS="869"/>
<String CONTENT="&amp;" HEIGHT="39" WIDTH="33" VPOS="2152" HPOS="906"/>
<SP HEIGHT="40" WIDTH="33" VPOS="2151" HPOS="940"/>
<String CONTENT="Donald" HEIGHT="43" WIDTH="205" VPOS="2151" HPOS="974"/>
<SP HEIGHT="42" WIDTH="38" VPOS="2153" HPOS="1180"/>
<String CONTENT="R." HEIGHT="43" WIDTH="55" VPOS="2155" HPOS="1219"/>
<SP HEIGHT="44" WIDTH="46" VPOS="2155" HPOS="1275"/>
<String CONTENT="Smith." HEIGHT="45" WIDTH="194" VPOS="2156" HPOS="1322"/>
<SP HEIGHT="43" WIDTH="79" VPOS="2159" HPOS="1517"/>
<String CONTENT="New" HEIGHT="40" WIDTH="103" VPOS="2160" HPOS="1597"/>
<SP HEIGHT="41" WIDTH="31" VPOS="2161" HPOS="1701"/>
<String CS="1" CONTENT="York," HEIGHT="40" WIDTH="140" VPOS="2162" HPOS="1733"/>
</TextLine>
<TextLine HEIGHT="69" WIDTH="1204" VPOS="2201" HPOS="667">
<String CONTENT="Globe" HEIGHT="45" WIDTH="163" VPOS="2204" HPOS="667"/>
<SP HEIGHT="39" WIDTH="40" VPOS="2210" HPOS="831"/>
<String CONTENT="Book" HEIGHT="40" WIDTH="137" VPOS="2210" HPOS="872"/>
<SP HEIGHT="41" WIDTH="33" VPOS="2211" HPOS="1010"/>
<String CONTENT="Co." HEIGHT="44" WIDTH="91" VPOS="2211" HPOS="1044"/>
<SP HEIGHT="51" WIDTH="75" VPOS="2204" HPOS="1136"/>
<String CONTENT="47" HEIGHT="54" WIDTH="68" VPOS="2204" HPOS="1212"/>
<SP HEIGHT="53" WIDTH="36" VPOS="2212" HPOS="1281"/>
<String CONTENT="p." HEIGHT="40" WIDTH="59" VPOS="2225" HPOS="1318"/>
<SP HEIGHT="55" WIDTH="91" VPOS="2210" HPOS="1378"/>
<String CONTENT="(Pathways" HEIGHT="60" WIDTH="293" VPOS="2210" HPOS="1470"/>
<SP HEIGHT="42" WIDTH="42" VPOS="2219" HPOS="1764"/>
<String CONTENT="in" HEIGHT="42" WIDTH="64" VPOS="2219" HPOS="1807"/>
</TextLine>
<TextLine HEIGHT="67" WIDTH="1207" VPOS="2264" HPOS="667" CS="1">
<String CONTENT="science." HEIGHT="46" WIDTH="260" VPOS="2264" HPOS="667"/>
<SP HEIGHT="40" WIDTH="80" VPOS="2270" HPOS="928"/>
<String CONTENT="Biology," HEIGHT="56" WIDTH="267" VPOS="2268" HPOS="1009"/>
<SP HEIGHT="50" WIDTH="47" VPOS="2275" HPOS="1277"/>
<String CONTENT="2)" HEIGHT="60" WIDTH="56" VPOS="2269" HPOS="1325"/>
<SP/>
<String CONTENT="&#169;" HEIGHT="40" WIDTH="40" VPOS="2276" HPOS="1457"/>
<SP HEIGHT="42" WIDTH="33" VPOS="2276" HPOS="1498"/>
<String CONTENT="Globe" HEIGHT="43" WIDTH="164" VPOS="2277" HPOS="1532"/>
<SP HEIGHT="41" WIDTH="40" VPOS="2281" HPOS="1697"/>
<String CONTENT="Book" HEIGHT="42" WIDTH="136" VPOS="2282" HPOS="1738"/>
</TextLine>
<TextLine HEIGHT="68" WIDTH="958" VPOS="2318" HPOS="661" CS="1">
<String CONTENT="Co.," HEIGHT="54" WIDTH="129" VPOS="2323" HPOS="661"/>
<SP HEIGHT="52" WIDTH="48" VPOS="2325" HPOS="790"/>
<String CONTENT="Inc.;" HEIGHT="54" WIDTH="157" VPOS="2325" HPOS="838"/>
<SP HEIGHT="52" WIDTH="50" VPOS="2327" HPOS="995"/>
<String CS="1" CONTENT="16Aug71;" HEIGHT="64" WIDTH="229" VPOS="2320" HPOS="1078"/>
<SP/>
<!-- cceid 1681B834-7178-1014-A92C-DCC6D41F8A68 --><String CONTENT="A281718." HEIGHT="58" WIDTH="266" VPOS="2324" HPOS="1353"/>
</TextLine>
<TextLine HEIGHT="116" WIDTH="1244" VPOS="2392" HPOS="608" CS="1">
<String CONTENT="Chemistry" HEIGHT="51" WIDTH="306" VPOS="2392" HPOS="608"/>
<SP HEIGHT="38" WIDTH="39" VPOS="2405" HPOS="915"/>
<String CONTENT="of" HEIGHT="37" WIDTH="63" VPOS="2396" HPOS="955"/>
<SP HEIGHT="37" WIDTH="35" VPOS="2396" HPOS="1019"/>
<String CONTENT="metals;" HEIGHT="51" WIDTH="231" VPOS="2395" HPOS="1055"/>
<SP HEIGHT="50" WIDTH="48" VPOS="2397" HPOS="1287"/>
<String CONTENT="laboratory" HEIGHT="50" WIDTH="340" VPOS="2398" HPOS="1336"/>
<SP HEIGHT="38" WIDTH="34" VPOS="2410" HPOS="1677"/>
<String CS="1" CONTENT="workbook," HEIGHT="101" WIDTH="1177" VPOS="2396" HPOS="675"/>
<SP HEIGHT="50" WIDTH="42" VPOS="2452" HPOS="839"/>
<String CONTENT="by" HEIGHT="50" WIDTH="67" VPOS="2452" HPOS="882"/>
<SP HEIGHT="49" WIDTH="38" VPOS="2453" HPOS="950"/>
<String CONTENT="Joseph" HEIGHT="52" WIDTH="203" VPOS="2452" HPOS="989"/>
<SP HEIGHT="42" WIDTH="34" VPOS="2453" HPOS="1193"/>
<String CONTENT="M." HEIGHT="42" WIDTH="59" VPOS="2455" HPOS="1228"/>
<SP HEIGHT="44" WIDTH="48" VPOS="2454" HPOS="1288"/>
<String CS="1" CONTENT="Oxenhorn," HEIGHT="43" WIDTH="272" VPOS="2455" HPOS="1337"/>
<SP HEIGHT="48" WIDTH="46" VPOS="2459" HPOS="1634"/>
<String CONTENT="Keith" HEIGHT="42" WIDTH="168" VPOS="2457" HPOS="1681"/>
</TextLine>
<TextLine HEIGHT="49" WIDTH="955" VPOS="2508" HPOS="678">
<String CONTENT="H." HEIGHT="42" WIDTH="55" VPOS="2509" HPOS="678"/>
<SP HEIGHT="42" WIDTH="45" VPOS="2509" HPOS="734"/>
<String CONTENT="Conrow" HEIGHT="41" WIDTH="206" VPOS="2509" HPOS="780"/>
<SP HEIGHT="38" WIDTH="35" VPOS="2512" HPOS="987"/>
<String CONTENT="&amp;" HEIGHT="38" WIDTH="32" VPOS="2512" HPOS="1023"/>
<SP HEIGHT="39" WIDTH="34" VPOS="2511" HPOS="1056"/>
<String CONTENT="Donald" HEIGHT="41" WIDTH="203" VPOS="2511" HPOS="1091"/>
<SP HEIGHT="41" WIDTH="39" VPOS="2512" HPOS="1295"/>
<String CONTENT="R." HEIGHT="42" WIDTH="55" VPOS="2514" HPOS="1335"/>
<SP HEIGHT="41" WIDTH="47" VPOS="2515" HPOS="1391"/>
<String CONTENT="Smith." HEIGHT="43" WIDTH="194" VPOS="2514" HPOS="1439"/>
</TextLine>
<TextLine HEIGHT="66" WIDTH="1059" VPOS="2559" HPOS="676" CS="1">
<String CONTENT="New" HEIGHT="41" WIDTH="102" VPOS="2566" HPOS="676"/>
<SP HEIGHT="39" WIDTH="32" VPOS="2568" HPOS="779"/>
<String CS="1" CONTENT="York," HEIGHT="40" WIDTH="137" VPOS="2568" HPOS="812"/>
<SP HEIGHT="48" WIDTH="46" VPOS="2570" HPOS="977"/>
<String CONTENT="Globe" HEIGHT="42" WIDTH="164" VPOS="2568" HPOS="1024"/>
<SP HEIGHT="38" WIDTH="39" VPOS="2572" HPOS="1189"/>
<String CONTENT="Book" HEIGHT="40" WIDTH="137" VPOS="2571" HPOS="1229"/>
<SP HEIGHT="40" WIDTH="33" VPOS="2572" HPOS="1367"/>
<String CONTENT="Co." HEIGHT="43" WIDTH="93" VPOS="2572" HPOS="1401"/>
<SP HEIGHT="53" WIDTH="74" VPOS="2563" HPOS="1495"/>
<String CONTENT="46" HEIGHT="49" WIDTH="70" VPOS="2564" HPOS="1570"/>
<SP HEIGHT="59" WIDTH="36" VPOS="2565" HPOS="1641"/>
<String CONTENT="p." HEIGHT="40" WIDTH="57" VPOS="2585" HPOS="1678"/>
</TextLine>
<TextLine HEIGHT="68" WIDTH="1223" VPOS="2619" HPOS="686">
<String CONTENT="(Pathways" HEIGHT="60" WIDTH="293" VPOS="2619" HPOS="686"/>
<SP HEIGHT="40" WIDTH="43" VPOS="2626" HPOS="980"/>
<String CONTENT="in" HEIGHT="41" WIDTH="64" VPOS="2626" HPOS="1024"/>
<SP HEIGHT="31" WIDTH="38" VPOS="2637" HPOS="1089"/>
<String CONTENT="science." HEIGHT="45" WIDTH="261" VPOS="2627" HPOS="1128"/>
<SP HEIGHT="41" WIDTH="79" VPOS="2631" HPOS="1390"/>
<String CONTENT="Chemistry," HEIGHT="53" WIDTH="336" VPOS="2630" HPOS="1470"/>
<SP HEIGHT="49" WIDTH="40" VPOS="2634" HPOS="1807"/>
<String CONTENT="3)" HEIGHT="60" WIDTH="61" VPOS="2627" HPOS="1848"/>
</TextLine>
<TextLine HEIGHT="61" WIDTH="1063" VPOS="2681" HPOS="671" CS="1">
<String CONTENT="&#169;" HEIGHT="41" WIDTH="39" VPOS="2681" HPOS="671"/>
<SP HEIGHT="40" WIDTH="36" VPOS="2682" HPOS="711"/>
<String CONTENT="Globe" HEIGHT="42" WIDTH="164" VPOS="2682" HPOS="748"/>
<SP HEIGHT="38" WIDTH="39" VPOS="2686" HPOS="913"/>
<String CONTENT="Book" HEIGHT="40" WIDTH="136" VPOS="2685" HPOS="953"/>
<SP HEIGHT="42" WIDTH="33" VPOS="2684" HPOS="1090"/>
<String CONTENT="Co.," HEIGHT="52" WIDTH="126" VPOS="2685" HPOS="1124"/>
<SP HEIGHT="50" WIDTH="48" VPOS="2687" HPOS="1251"/>
<String CONTENT="Inc.;" HEIGHT="51" WIDTH="157" VPOS="2687" HPOS="1300"/>
<SP HEIGHT="51" WIDTH="49" VPOS="2687" HPOS="1458"/>
<String CS="1" CONTENT="1Sep71;" HEIGHT="54" WIDTH="192" VPOS="2688" HPOS="1542"/>
</TextLine>
<TextLine HEIGHT="57" WIDTH="265" VPOS="2731" HPOS="674">
<!-- cceid 1682A0AC-7178-1014-A92C-DCC6D41F8A68 --><String CONTENT="A281712." HEIGHT="57" WIDTH="265" VPOS="2731" HPOS="674"/>
</TextLine>
</TextBlock>
<TextBlock ID="Page3176_Block7" HEIGHT="1653" WIDTH="1380" VPOS="2795" HPOS="602" LANG="en-US" CS="1" STYLEREFS="StyleId-5C57FCE7-11FF-42EE-92AB-8D67FBCA0109-">
<Shape>
<Polygon POINTS="610,2795 683,2795 683,2796 891,2796 891,2797 1100,2797 1100,2798 1309,2798 1309,2799 1517,2799 1517,2800 1726,2800 1726,2801 1935,2801 1935,2802 1982,2802 1982,2980 1981,2980 1981,3189 1980,3189 1980,3398 1979,3398 1979,3607 1978,3607 1978,3815 1977,3815 1977,4024 1976,4024 1976,4233 1975,4233 1975,4441 1974,4441 1974,4448 1933,4448 1933,4447 1724,4447 1724,4446 1516,4446 1516,4445 1307,4445 1307,4444 1098,4444 1098,4443 890,4443 890,4442 681,4442 681,4441 602,4441 602,4440 603,4440 603,4231 604,4231 604,4022 605,4022 605,3814 606,3814 606,3605 607,3605 607,3396 608,3396 608,3187 609,3187 609,2979 610,2979 610,2795"/>
</Shape>
<TextLine HEIGHT="58" WIDTH="1139" VPOS="2808" HPOS="623">
<String CONTENT="Chemistry" HEIGHT="54" WIDTH="307" VPOS="2808" HPOS="623"/>
<SP HEIGHT="41" WIDTH="38" VPOS="2821" HPOS="931"/>
<String CONTENT="of" HEIGHT="41" WIDTH="66" VPOS="2811" HPOS="970"/>
<SP HEIGHT="41" WIDTH="31" VPOS="2811" HPOS="1037"/>
<String CONTENT="mixtures;" HEIGHT="54" WIDTH="302" VPOS="2810" HPOS="1069"/>
<SP HEIGHT="52" WIDTH="48" VPOS="2812" HPOS="1372"/>
<String CONTENT="laboratory" HEIGHT="53" WIDTH="341" VPOS="2812" HPOS="1421"/>
</TextLine>
<TextLine HEIGHT="56" WIDTH="1099" VPOS="2869" HPOS="689" CS="1">
<String CONTENT="workbook," HEIGHT="52" WIDTH="303" VPOS="2869" HPOS="689"/>
<SP HEIGHT="50" WIDTH="41" VPOS="2871" HPOS="993"/>
<String CONTENT="by" HEIGHT="51" WIDTH="68" VPOS="2871" HPOS="1035"/>
<SP HEIGHT="50" WIDTH="38" VPOS="2872" HPOS="1104"/>
<String CONTENT="Joseph" HEIGHT="51" WIDTH="204" VPOS="2872" HPOS="1143"/>
<SP HEIGHT="39" WIDTH="33" VPOS="2873" HPOS="1348"/>
<String CONTENT="M." HEIGHT="42" WIDTH="59" VPOS="2873" HPOS="1382"/>
<SP HEIGHT="42" WIDTH="47" VPOS="2873" HPOS="1442"/>
<String CONTENT="Oxenhorn," HEIGHT="53" WIDTH="298" VPOS="2872" HPOS="1490"/>
</TextLine>
<TextLine HEIGHT="50" WIDTH="1164" VPOS="2927" HPOS="691" CS="1">
<String CONTENT="Keith" HEIGHT="42" WIDTH="168" VPOS="2928" HPOS="692"/>
<SP HEIGHT="41" WIDTH="39" VPOS="2929" HPOS="861"/>
<String CONTENT="H." HEIGHT="42" WIDTH="58" VPOS="2930" HPOS="900"/>
<SP HEIGHT="42" WIDTH="44" VPOS="2930" HPOS="958"/>
<String CONTENT="Conrow" HEIGHT="41" WIDTH="207" VPOS="2930" HPOS="1003"/>
<SP HEIGHT="39" WIDTH="35" VPOS="2931" HPOS="1211"/>
<String CONTENT="&amp;" HEIGHT="39" WIDTH="32" VPOS="2931" HPOS="1247"/>
<SP HEIGHT="40" WIDTH="32" VPOS="2931" HPOS="1280"/>
<String CONTENT="Donald" HEIGHT="42" WIDTH="205" VPOS="2930" HPOS="1313"/>
<SP HEIGHT="42" WIDTH="39" VPOS="2930" HPOS="1519"/>
<String CONTENT="R." HEIGHT="43" WIDTH="56" VPOS="2933" HPOS="1558"/>
<SP HEIGHT="43" WIDTH="49" VPOS="2933" HPOS="1614"/>
<String CONTENT="Smith." HEIGHT="44" WIDTH="192" VPOS="2932" HPOS="1663"/>
</TextLine>
<TextLine HEIGHT="65" WIDTH="1060" VPOS="2977" HPOS="692">
<String CONTENT="New" HEIGHT="38" WIDTH="101" VPOS="2987" HPOS="692"/>
<SP HEIGHT="39" WIDTH="33" VPOS="2987" HPOS="794"/>
<String CONTENT="York," HEIGHT="52" WIDTH="163" VPOS="2986" HPOS="828"/>
<SP HEIGHT="50" WIDTH="46" VPOS="2988" HPOS="992"/>
<String CONTENT="Globe" HEIGHT="40" WIDTH="165" VPOS="2987" HPOS="1039"/>
<SP HEIGHT="38" WIDTH="40" VPOS="2989" HPOS="1205"/>
<String CONTENT="Book" HEIGHT="40" WIDTH="137" VPOS="2988" HPOS="1246"/>
<SP HEIGHT="40" WIDTH="33" VPOS="2989" HPOS="1384"/>
<String CONTENT="Co." HEIGHT="43" WIDTH="92" VPOS="2989" HPOS="1418"/>
<SP HEIGHT="53" WIDTH="74" VPOS="2980" HPOS="1511"/>
<String CONTENT="47" HEIGHT="54" WIDTH="69" VPOS="2981" HPOS="1586"/>
<SP HEIGHT="52" WIDTH="37" VPOS="2988" HPOS="1656"/>
<String CONTENT="p." HEIGHT="40" WIDTH="58" VPOS="3001" HPOS="1694"/>
</TextLine>
<TextLine HEIGHT="65" WIDTH="1225" VPOS="3036" HPOS="700" CS="1">
<String CONTENT="(Pathways" HEIGHT="61" WIDTH="295" VPOS="3036" HPOS="700"/>
<SP HEIGHT="40" WIDTH="43" VPOS="3043" HPOS="996"/>
<String CONTENT="in" HEIGHT="41" WIDTH="65" VPOS="3043" HPOS="1040"/>
<SP HEIGHT="30" WIDTH="37" VPOS="3054" HPOS="1106"/>
<String CONTENT="science." HEIGHT="43" WIDTH="261" VPOS="3044" HPOS="1144"/>
<SP HEIGHT="41" WIDTH="79" VPOS="3046" HPOS="1406"/>
<String CONTENT="Chemistry," HEIGHT="53" WIDTH="336" VPOS="3044" HPOS="1486"/>
<SP HEIGHT="50" WIDTH="46" VPOS="3047" HPOS="1823"/>
<String CONTENT="2)" HEIGHT="60" WIDTH="55" VPOS="3041" HPOS="1870"/>
</TextLine>
<TextLine HEIGHT="64" WIDTH="1099" VPOS="3090" HPOS="686" CS="1">
<String CONTENT="&#169;" HEIGHT="39" WIDTH="40" VPOS="3099" HPOS="686"/>
<SP HEIGHT="41" WIDTH="35" VPOS="3099" HPOS="727"/>
<String CONTENT="Globe" HEIGHT="42" WIDTH="163" VPOS="3099" HPOS="763"/>
<SP HEIGHT="39" WIDTH="39" VPOS="3101" HPOS="927"/>
<String CONTENT="Book" HEIGHT="40" WIDTH="137" VPOS="3101" HPOS="967"/>
<SP HEIGHT="40" WIDTH="35" VPOS="3101" HPOS="1105"/>
<String CONTENT="Co.," HEIGHT="50" WIDTH="126" VPOS="3101" HPOS="1141"/>
<SP HEIGHT="50" WIDTH="46" VPOS="3102" HPOS="1268"/>
<String CONTENT="Inc.;" HEIGHT="49" WIDTH="159" VPOS="3103" HPOS="1315"/>
<SP HEIGHT="50" WIDTH="46" VPOS="3103" HPOS="1475"/>
<String CS="1" CONTENT="16Aug71;" HEIGHT="60" WIDTH="229" VPOS="3094" HPOS="1556"/>
</TextLine>
<TextLine HEIGHT="57" WIDTH="267" VPOS="3148" HPOS="689">
<!-- cceid 168389A9-7178-1014-A92C-DCC6D41F8A68 --><String CONTENT="A281716." HEIGHT="57" WIDTH="267" VPOS="3148" HPOS="689"/>
</TextLine>
<TextLine HEIGHT="64" WIDTH="1266" VPOS="3209" HPOS="623">
<String CONTENT="Chemistry" HEIGHT="49" WIDTH="308" VPOS="3220" HPOS="623"/>
<SP HEIGHT="48" WIDTH="37" VPOS="3221" HPOS="932"/>
<String CONTENT="1:" HEIGHT="39" WIDTH="54" VPOS="3221" HPOS="970"/>
<SP HEIGHT="39" WIDTH="46" VPOS="3221" HPOS="1025"/>
<String CONTENT="The" HEIGHT="41" WIDTH="98" VPOS="3220" HPOS="1072"/>
<SP HEIGHT="29" WIDTH="36" VPOS="3229" HPOS="1171"/>
<String CONTENT="materials" HEIGHT="42" WIDTH="306" VPOS="3216" HPOS="1208"/>
<SP HEIGHT="31" WIDTH="41" VPOS="3225" HPOS="1515"/>
<String CONTENT="of" HEIGHT="39" WIDTH="64" VPOS="3216" HPOS="1557"/>
<SP HEIGHT="39" WIDTH="35" VPOS="3216" HPOS="1622"/>
<String CONTENT="nature;" HEIGHT="50" WIDTH="231" VPOS="3214" HPOS="1658"/>
</TextLine>
<TextLine HEIGHT="62" WIDTH="1159" VPOS="3268" HPOS="695">
<String CONTENT="laboratory" HEIGHT="49" WIDTH="341" VPOS="3277" HPOS="695"/>
<SP HEIGHT="39" WIDTH="33" VPOS="3287" HPOS="1037"/>
<String CONTENT="workbook." HEIGHT="43" WIDTH="298" VPOS="3274" HPOS="1071"/>
<SP HEIGHT="39" WIDTH="82" VPOS="3276" HPOS="1370"/>
<String CONTENT="By" HEIGHT="48" WIDTH="67" VPOS="3276" HPOS="1453"/>
<SP HEIGHT="48" WIDTH="36" VPOS="3276" HPOS="1521"/>
<String CONTENT="Joseph" HEIGHT="51" WIDTH="203" VPOS="3272" HPOS="1558"/>
<SP HEIGHT="39" WIDTH="36" VPOS="3273" HPOS="1762"/>
<String CONTENT="M." HEIGHT="38" WIDTH="55" VPOS="3275" HPOS="1799"/>
</TextLine>
<TextLine HEIGHT="64" WIDTH="1169" VPOS="3326" HPOS="695" CS="1">
<String CS="1" CONTENT="Oxenhorn," HEIGHT="42" WIDTH="272" VPOS="3337" HPOS="695"/>
<SP HEIGHT="48" WIDTH="43" VPOS="3338" HPOS="992"/>
<String CONTENT="Keith" HEIGHT="44" WIDTH="171" VPOS="3333" HPOS="1036"/>
<SP HEIGHT="40" WIDTH="35" VPOS="3335" HPOS="1208"/>
<String CONTENT="H." HEIGHT="40" WIDTH="57" VPOS="3335" HPOS="1244"/>
<SP HEIGHT="41" WIDTH="48" VPOS="3334" HPOS="1302"/>
<String CONTENT="Conrow" HEIGHT="40" WIDTH="201" VPOS="3335" HPOS="1351"/>
<SP HEIGHT="38" WIDTH="37" VPOS="3334" HPOS="1553"/>
<String CONTENT="&amp;" HEIGHT="37" WIDTH="33" VPOS="3334" HPOS="1591"/>
<SP HEIGHT="38" WIDTH="37" VPOS="3334" HPOS="1625"/>
<String CONTENT="Donald" HEIGHT="43" WIDTH="201" VPOS="3330" HPOS="1663"/>
</TextLine>
<TextLine HEIGHT="60" WIDTH="1197" VPOS="3385" HPOS="693" CS="1">
<String CONTENT="R." HEIGHT="39" WIDTH="54" VPOS="3398" HPOS="693"/>
<SP HEIGHT="41" WIDTH="48" VPOS="3396" HPOS="748"/>
<String CONTENT="Smith." HEIGHT="44" WIDTH="191" VPOS="3394" HPOS="797"/>
<SP HEIGHT="39" WIDTH="83" VPOS="3396" HPOS="989"/>
<String CONTENT="New" HEIGHT="40" WIDTH="99" VPOS="3396" HPOS="1073"/>
<SP HEIGHT="39" WIDTH="38" VPOS="3395" HPOS="1173"/>
<String CS="1" CONTENT="York," HEIGHT="43" WIDTH="136" VPOS="3392" HPOS="1212"/>
<SP HEIGHT="50" WIDTH="45" VPOS="3393" HPOS="1374"/>
<String CONTENT="Globe" HEIGHT="44" WIDTH="166" VPOS="3390" HPOS="1420"/>
<SP HEIGHT="40" WIDTH="40" VPOS="3391" HPOS="1586"/>
<String CONTENT="Book" HEIGHT="43" WIDTH="137" VPOS="3389" HPOS="1626"/>
<SP HEIGHT="40" WIDTH="38" VPOS="3390" HPOS="1763"/>
<String CONTENT="Co." HEIGHT="39" WIDTH="89" VPOS="3391" HPOS="1801"/>
</TextLine>
<TextLine HEIGHT="72" WIDTH="959" VPOS="3439" HPOS="691">
<String CONTENT="48" HEIGHT="48" WIDTH="67" VPOS="3446" HPOS="691"/>
<SP HEIGHT="60" WIDTH="34" VPOS="3446" HPOS="759"/>
<String CONTENT="p." HEIGHT="41" WIDTH="58" VPOS="3465" HPOS="794"/>
<SP HEIGHT="61" WIDTH="89" VPOS="3447" HPOS="853"/>
<String CONTENT="(Pathways" HEIGHT="61" WIDTH="297" VPOS="3448" HPOS="943"/>
<SP HEIGHT="39" WIDTH="43" VPOS="3452" HPOS="1241"/>
<String CONTENT="in" HEIGHT="40" WIDTH="63" VPOS="3452" HPOS="1285"/>
<SP HEIGHT="31" WIDTH="39" VPOS="3460" HPOS="1349"/>
<String CONTENT="science)" HEIGHT="61" WIDTH="261" VPOS="3442" HPOS="1389"/>
</TextLine>
<TextLine HEIGHT="61" WIDTH="1040" VPOS="3502" HPOS="688" STYLEREFS="StyleId-C7FB0806-7FEC-4F0B-864C-4C7DF5E17A64-" CS="1">
<String CONTENT="&#169;" HEIGHT="39" WIDTH="39" VPOS="3515" HPOS="688"/>
<SP HEIGHT="40" WIDTH="37" VPOS="3515" HPOS="728"/>
<String CONTENT="Globe" HEIGHT="42" WIDTH="165" VPOS="3514" HPOS="766"/>
<SP HEIGHT="39" WIDTH="37" VPOS="3515" HPOS="932"/>
<String CONTENT="Book" HEIGHT="43" WIDTH="137" VPOS="3512" HPOS="970"/>
<SP HEIGHT="40" WIDTH="35" VPOS="3512" HPOS="1108"/>
<String CS="1" CONTENT="Co.," HEIGHT="40" WIDTH="89" VPOS="3512" HPOS="1144"/>
<SP HEIGHT="50" WIDTH="47" VPOS="3511" HPOS="1271"/>
<String CONTENT="Inc.;" HEIGHT="46" WIDTH="158" VPOS="3512" HPOS="1319"/>
<SP HEIGHT="52" WIDTH="49" VPOS="3507" HPOS="1478"/>
<String CS="1" CONTENT="1Jun71;" HEIGHT="49" WIDTH="137" VPOS="3506" HPOS="1591"/>
</TextLine>
<TextLine HEIGHT="59" WIDTH="263" VPOS="3563" HPOS="694" STYLEREFS="StyleId-C7FB0806-7FEC-4F0B-864C-4C7DF5E17A64-">
<!-- cceid 16849D3C-7178-1014-A92C-DCC6D41F8A68 --><String CONTENT="A255585." HEIGHT="59" WIDTH="263" VPOS="3563" HPOS="694"/>
</TextLine>
<TextLine HEIGHT="62" WIDTH="1168" VPOS="3628" HPOS="622">
<String CONTENT="Earth" HEIGHT="42" WIDTH="169" VPOS="3643" HPOS="622"/>
<SP HEIGHT="37" WIDTH="39" VPOS="3644" HPOS="792"/>
<String CONTENT="science" HEIGHT="41" WIDTH="232" VPOS="3641" HPOS="832"/>
<SP HEIGHT="40" WIDTH="42" VPOS="3640" HPOS="1065"/>
<String CONTENT="1:" HEIGHT="39" WIDTH="54" VPOS="3641" HPOS="1108"/>
<SP HEIGHT="39" WIDTH="44" VPOS="3641" HPOS="1163"/>
<String CONTENT="The" HEIGHT="39" WIDTH="99" VPOS="3640" HPOS="1208"/>
<SP HEIGHT="31" WIDTH="39" VPOS="3647" HPOS="1308"/>
<String CONTENT="earth" HEIGHT="40" WIDTH="168" VPOS="3636" HPOS="1348"/>
<SP HEIGHT="38" WIDTH="34" VPOS="3637" HPOS="1517"/>
<String CONTENT="we" HEIGHT="30" WIDTH="66" VPOS="3644" HPOS="1552"/>
<SP HEIGHT="38" WIDTH="40" VPOS="3634" HPOS="1619"/>
<String CONTENT="live" HEIGHT="39" WIDTH="130" VPOS="3633" HPOS="1660"/>
</TextLine>
<TextLine HEIGHT="73" WIDTH="1205" VPOS="3683" HPOS="692">
<String CONTENT="on;" HEIGHT="41" WIDTH="91" VPOS="3710" HPOS="692"/>
<SP HEIGHT="51" WIDTH="47" VPOS="3700" HPOS="784"/>
<String CONTENT="laboratory" HEIGHT="50" WIDTH="342" VPOS="3697" HPOS="832"/>
<SP HEIGHT="41" WIDTH="31" VPOS="3706" HPOS="1175"/>
<String CONTENT="workbook." HEIGHT="46" WIDTH="300" VPOS="3692" HPOS="1207"/>
<SP HEIGHT="44" WIDTH="80" VPOS="3691" HPOS="1508"/>
<String CONTENT="By" HEIGHT="49" WIDTH="67" VPOS="3692" HPOS="1589"/>
<SP HEIGHT="49" WIDTH="36" VPOS="3692" HPOS="1657"/>
<String CONTENT="Joseph" HEIGHT="53" WIDTH="203" VPOS="3687" HPOS="1694"/>
</TextLine>
<TextLine HEIGHT="64" WIDTH="1038" VPOS="3747" HPOS="689" CS="1">
<String CONTENT="M." HEIGHT="42" WIDTH="57" VPOS="3761" HPOS="690"/>
<SP HEIGHT="40" WIDTH="50" VPOS="3761" HPOS="748"/>
<String CS="1" CONTENT="Oxenhorn," HEIGHT="45" WIDTH="270" VPOS="3757" HPOS="799"/>
<SP HEIGHT="52" WIDTH="45" VPOS="3756" HPOS="1095"/>
<String CONTENT="Keith" HEIGHT="44" WIDTH="171" VPOS="3754" HPOS="1141"/>
<SP HEIGHT="39" WIDTH="34" VPOS="3755" HPOS="1313"/>
<String CONTENT="H." HEIGHT="39" WIDTH="56" VPOS="3755" HPOS="1348"/>
<SP HEIGHT="41" WIDTH="47" VPOS="3752" HPOS="1405"/>
<String CONTENT="Conrow" HEIGHT="41" WIDTH="203" VPOS="3752" HPOS="1453"/>
<SP HEIGHT="38" WIDTH="37" VPOS="3751" HPOS="1657"/>
<String CONTENT="&amp;" HEIGHT="38" WIDTH="32" VPOS="3751" HPOS="1695"/>
</TextLine>
<TextLine HEIGHT="63" WIDTH="1135" VPOS="3803" HPOS="694">
<String CONTENT="Donald" HEIGHT="44" WIDTH="201" VPOS="3818" HPOS="694"/>
<SP HEIGHT="38" WIDTH="37" VPOS="3819" HPOS="896"/>
<String CONTENT="R." HEIGHT="38" WIDTH="54" VPOS="3819" HPOS="934"/>
<SP HEIGHT="40" WIDTH="49" VPOS="3817" HPOS="989"/>
<String CONTENT="Smith." HEIGHT="45" WIDTH="192" VPOS="3813" HPOS="1039"/>
<SP HEIGHT="41" WIDTH="82" VPOS="3814" HPOS="1232"/>
<String CONTENT="New" HEIGHT="39" WIDTH="98" VPOS="3815" HPOS="1315"/>
<SP HEIGHT="39" WIDTH="39" VPOS="3812" HPOS="1414"/>
<String CONTENT="York," HEIGHT="51" WIDTH="161" VPOS="3809" HPOS="1454"/>
<SP HEIGHT="50" WIDTH="44" VPOS="3810" HPOS="1616"/>
<String CONTENT="Globe" HEIGHT="43" WIDTH="168" VPOS="3807" HPOS="1661"/>
</TextLine>
<TextLine HEIGHT="133" WIDTH="1134" VPOS="3859" HPOS="694" CS="1">
<String CONTENT="Book" HEIGHT="41" WIDTH="135" VPOS="3877" HPOS="694"/>
<SP HEIGHT="40" WIDTH="36" VPOS="3877" HPOS="830"/>
<String CONTENT="Co." HEIGHT="41" WIDTH="88" VPOS="3877" HPOS="867"/>
<SP HEIGHT="50" WIDTH="81" VPOS="3865" HPOS="956"/>
<String CONTENT="47" HEIGHT="56" WIDTH="64" VPOS="3865" HPOS="1038"/>
<SP HEIGHT="48" WIDTH="39" VPOS="3875" HPOS="1103"/>
<String CONTENT="p." HEIGHT="41" WIDTH="55" VPOS="3882" HPOS="1143"/>
<SP HEIGHT="60" WIDTH="91" VPOS="3865" HPOS="1199"/>
<String CONTENT="(Pathways" HEIGHT="62" WIDTH="294" VPOS="3865" HPOS="1291"/>
<SP HEIGHT="40" WIDTH="44" VPOS="3866" HPOS="1586"/>
<String CONTENT="in" HEIGHT="39" WIDTH="63" VPOS="3866" HPOS="1631"/>
<SP HEIGHT="32" WIDTH="39" VPOS="3874" HPOS="1695"/>
<String CONTENT="science)" HEIGHT="133" WIDTH="1133" VPOS="3859" HPOS="695"/>
<SP HEIGHT="60" WIDTH="74" VPOS="3928" HPOS="856"/>
<String CONTENT="&#169;" HEIGHT="39" WIDTH="40" VPOS="3932" HPOS="931"/>
<SP HEIGHT="42" WIDTH="34" VPOS="3932" HPOS="972"/>
<String CONTENT="Globe" HEIGHT="45" WIDTH="166" VPOS="3930" HPOS="1007"/>
<SP HEIGHT="40" WIDTH="37" VPOS="3931" HPOS="1174"/>
<String CONTENT="Book" HEIGHT="44" WIDTH="137" VPOS="3928" HPOS="1212"/>
<SP HEIGHT="40" WIDTH="36" VPOS="3928" HPOS="1350"/>
<String CONTENT="Co.," HEIGHT="49" WIDTH="126" VPOS="3928" HPOS="1387"/>
<SP HEIGHT="51" WIDTH="46" VPOS="3927" HPOS="1514"/>
<String CONTENT="Inc.;" HEIGHT="45" WIDTH="159" VPOS="3928" HPOS="1561"/>
</TextLine>
<TextLine HEIGHT="58" WIDTH="472" VPOS="3977" HPOS="763" CS="1">
<String CS="1" CONTENT="1Jun71;" HEIGHT="43" WIDTH="163" VPOS="3991" HPOS="763"/>
<SP HEIGHT="43" WIDTH="47" VPOS="3991" HPOS="926"/>
<!-- cceid 168585A8-7178-1014-A92C-DCC6D41F8A68 --><String CONTENT="A255584." HEIGHT="54" WIDTH="262" VPOS="3978" HPOS="973"/>
</TextLine>
<TextLine HEIGHT="59" WIDTH="1209" VPOS="4043" HPOS="622">
<String CONTENT="Man" HEIGHT="41" WIDTH="105" VPOS="4049" HPOS="622"/>
<SP HEIGHT="31" WIDTH="35" VPOS="4059" HPOS="728"/>
<String CONTENT="and" HEIGHT="42" WIDTH="99" VPOS="4048" HPOS="764"/>
<SP HEIGHT="41" WIDTH="39" VPOS="4048" HPOS="864"/>
<String CONTENT="energy" HEIGHT="41" WIDTH="203" VPOS="4058" HPOS="904"/>
<SP HEIGHT="50" WIDTH="38" VPOS="4048" HPOS="1108"/>
<String CONTENT="in" HEIGHT="40" WIDTH="63" VPOS="4048" HPOS="1147"/>
<SP HEIGHT="30" WIDTH="40" VPOS="4058" HPOS="1211"/>
<String CONTENT="space;" HEIGHT="42" WIDTH="190" VPOS="4056" HPOS="1252"/>
<SP HEIGHT="51" WIDTH="49" VPOS="4047" HPOS="1443"/>
<String CONTENT="laboratory" HEIGHT="50" WIDTH="338" VPOS="4047" HPOS="1493"/>
</TextLine>
<TextLine HEIGHT="58" WIDTH="1098" VPOS="4102" HPOS="691" CS="1">
<String CS="1" CONTENT="workbook," HEIGHT="42" WIDTH="279" VPOS="4105" HPOS="691"/>
<SP HEIGHT="50" WIDTH="42" VPOS="4106" HPOS="995"/>
<String CONTENT="by" HEIGHT="50" WIDTH="67" VPOS="4106" HPOS="1038"/>
<SP HEIGHT="50" WIDTH="38" VPOS="4106" HPOS="1106"/>
<String CONTENT="Joseph" HEIGHT="52" WIDTH="203" VPOS="4105" HPOS="1145"/>
<SP HEIGHT="39" WIDTH="34" VPOS="4106" HPOS="1349"/>
<String CONTENT="M." HEIGHT="42" WIDTH="58" VPOS="4106" HPOS="1384"/>
<SP HEIGHT="42" WIDTH="48" VPOS="4106" HPOS="1443"/>
<String CONTENT="Oxenhorn," HEIGHT="51" WIDTH="297" VPOS="4105" HPOS="1492"/>
</TextLine>
<TextLine HEIGHT="53" WIDTH="1163" VPOS="4157" HPOS="694" CS="1">
<String CONTENT="Keith" HEIGHT="41" WIDTH="171" VPOS="4162" HPOS="694"/>
<SP HEIGHT="41" WIDTH="34" VPOS="4162" HPOS="866"/>
<String CONTENT="H." HEIGHT="43" WIDTH="57" VPOS="4163" HPOS="901"/>
<SP HEIGHT="43" WIDTH="46" VPOS="4163" HPOS="959"/>
<String CONTENT="Conrow" HEIGHT="40" WIDTH="205" VPOS="4163" HPOS="1006"/>
<SP HEIGHT="39" WIDTH="34" VPOS="4163" HPOS="1212"/>
<String CONTENT="&amp;" HEIGHT="39" WIDTH="34" VPOS="4163" HPOS="1247"/>
<SP HEIGHT="41" WIDTH="34" VPOS="4162" HPOS="1282"/>
<String CONTENT="Donald" HEIGHT="42" WIDTH="203" VPOS="4161" HPOS="1317"/>
<SP HEIGHT="40" WIDTH="39" VPOS="4163" HPOS="1521"/>
<String CONTENT="R." HEIGHT="41" WIDTH="54" VPOS="4163" HPOS="1561"/>
<SP HEIGHT="41" WIDTH="46" VPOS="4163" HPOS="1616"/>
<String CONTENT="Smith." HEIGHT="43" WIDTH="194" VPOS="4161" HPOS="1663"/>
</TextLine>
<TextLine HEIGHT="69" WIDTH="1060" VPOS="4206" HPOS="694" CS="1">
<String CONTENT="New" HEIGHT="39" WIDTH="102" VPOS="4222" HPOS="694"/>
<SP HEIGHT="39" WIDTH="34" VPOS="4222" HPOS="796"/>
<String CONTENT="York," HEIGHT="51" WIDTH="165" VPOS="4220" HPOS="830"/>
<SP HEIGHT="50" WIDTH="47" VPOS="4221" HPOS="995"/>
<String CONTENT="Globe" HEIGHT="41" WIDTH="166" VPOS="4220" HPOS="1042"/>
<SP HEIGHT="38" WIDTH="39" VPOS="4222" HPOS="1208"/>
<String CONTENT="Book" HEIGHT="42" WIDTH="139" VPOS="4219" HPOS="1247"/>
<SP HEIGHT="40" WIDTH="34" VPOS="4220" HPOS="1386"/>
<String CONTENT="Co." HEIGHT="41" WIDTH="93" VPOS="4221" HPOS="1420"/>
<SP HEIGHT="52" WIDTH="76" VPOS="4211" HPOS="1513"/>
<String CONTENT="44" HEIGHT="49" WIDTH="66" VPOS="4210" HPOS="1589"/>
<SP HEIGHT="61" WIDTH="41" VPOS="4210" HPOS="1655"/>
<String CONTENT="p." HEIGHT="42" WIDTH="57" VPOS="4230" HPOS="1696"/>
</TextLine>
<TextLine HEIGHT="62" WIDTH="1231" VPOS="4271" HPOS="731" CS="1">
<String CS="1" CONTENT="(Pathways" HEIGHT="51" WIDTH="268" VPOS="4277" HPOS="731"/>
<SP HEIGHT="41" WIDTH="41" VPOS="4277" HPOS="1000"/>
<String CONTENT="in" HEIGHT="41" WIDTH="65" VPOS="4277" HPOS="1042"/>
<SP HEIGHT="32" WIDTH="38" VPOS="4287" HPOS="1108"/>
<String CONTENT="science." HEIGHT="43" WIDTH="261" VPOS="4277" HPOS="1147"/>
<SP HEIGHT="42" WIDTH="79" VPOS="4278" HPOS="1409"/>
<String CONTENT="Earth" HEIGHT="42" WIDTH="170" VPOS="4276" HPOS="1489"/>
<SP HEIGHT="39" WIDTH="38" VPOS="4278" HPOS="1660"/>
<String CONTENT="science," HEIGHT="52" WIDTH="263" VPOS="4275" HPOS="1699"/>
</TextLine>
<TextLine HEIGHT="66" WIDTH="1200" VPOS="4325" HPOS="691" CS="1">
<String CONTENT="3)" HEIGHT="60" WIDTH="61" VPOS="4326" HPOS="691"/>
<SP/>
<String CONTENT="&#169;" HEIGHT="41" WIDTH="39" VPOS="4332" HPOS="828"/>
<SP HEIGHT="42" WIDTH="35" VPOS="4332" HPOS="868"/>
<String CONTENT="Globe" HEIGHT="41" WIDTH="164" VPOS="4331" HPOS="904"/>
<SP HEIGHT="40" WIDTH="38" VPOS="4332" HPOS="1069"/>
<String CONTENT="Book" HEIGHT="39" WIDTH="138" VPOS="4333" HPOS="1108"/>
<SP HEIGHT="40" WIDTH="32" VPOS="4332" HPOS="1247"/>
<String CONTENT="Co.," HEIGHT="51" WIDTH="128" VPOS="4332" HPOS="1280"/>
<SP HEIGHT="51" WIDTH="48" VPOS="4332" HPOS="1409"/>
<String CONTENT="Inc.;" HEIGHT="51" WIDTH="156" VPOS="4332" HPOS="1458"/>
<SP HEIGHT="52" WIDTH="48" VPOS="4331" HPOS="1615"/>
<String CS="1" CONTENT="1Sep71;" HEIGHT="53" WIDTH="193" VPOS="4329" HPOS="1698"/>
</TextLine>
<TextLine HEIGHT="56" WIDTH="265" VPOS="4381" HPOS="693">
<!-- cceid 16867207-7178-1014-A92C-DCC6D41F8A68 --><String CONTENT="A281713." HEIGHT="56" WIDTH="265" VPOS="4381" HPOS="693"/>
</TextLine>
</TextBlock>
<TextBlock ID="Page3176_Block8" HEIGHT="719" WIDTH="1389" VPOS="4437" HPOS="559" LANG="en-US" CS="1" STYLEREFS="StyleId-5C57FCE7-11FF-42EE-92AB-8D67FBCA0109-">
<Shape>
<Polygon POINTS="563,4437 683,4437 683,4438 891,4438 891,4439 1100,4439 1100,4440 1309,4440 1309,4441 1517,4441 1517,4442 1726,4442 1726,4443 1935,4443 1935,4444 1948,4444 1948,4650 1947,4650 1947,4859 1946,4859 1946,5068 1945,5068 1945,5156 1933,5156 1933,5155 1724,5155 1724,5154 1516,5154 1516,5153 1307,5153 1307,5152 1098,5152 1098,5151 890,5151 890,5150 681,5150 681,5149 559,5149 559,5066 560,5066 560,4857 561,4857 561,4648 562,4648 562,4440 563,4440 563,4437"/>
</Shape>
<TextLine HEIGHT="69" WIDTH="1338" VPOS="4440" HPOS="596">
<String CONTENT="Matter" HEIGHT="43" WIDTH="204" VPOS="4458" HPOS="596"/>
<SP HEIGHT="31" WIDTH="39" VPOS="4468" HPOS="801"/>
<String CONTENT="and" HEIGHT="44" WIDTH="97" VPOS="4456" HPOS="841"/>
<SP HEIGHT="39" WIDTH="39" VPOS="4457" HPOS="939"/>
<String CONTENT="energy;" HEIGHT="43" WIDTH="228" VPOS="4462" HPOS="979"/>
<SP HEIGHT="52" WIDTH="47" VPOS="4453" HPOS="1208"/>
<String CONTENT="laboratory" HEIGHT="50" WIDTH="338" VPOS="4450" HPOS="1256"/>
<SP HEIGHT="41" WIDTH="35" VPOS="4459" HPOS="1595"/>
<String CONTENT="workbook," HEIGHT="51" WIDTH="303" VPOS="4445" HPOS="1631"/>
</TextLine>
<TextLine HEIGHT="72" WIDTH="1094" VPOS="4499" HPOS="667">
<String CONTENT="by" HEIGHT="47" WIDTH="66" VPOS="4519" HPOS="667"/>
<SP HEIGHT="49" WIDTH="37" VPOS="4517" HPOS="734"/>
<String CONTENT="Joseph" HEIGHT="51" WIDTH="203" VPOS="4514" HPOS="772"/>
<SP HEIGHT="40" WIDTH="33" VPOS="4514" HPOS="976"/>
<String CONTENT="M." HEIGHT="42" WIDTH="59" VPOS="4514" HPOS="1010"/>
<SP HEIGHT="45" WIDTH="47" VPOS="4512" HPOS="1070"/>
<String CONTENT="Oxenhorn" HEIGHT="42" WIDTH="272" VPOS="4511" HPOS="1118"/>
<SP HEIGHT="41" WIDTH="36" VPOS="4509" HPOS="1391"/>
<String CONTENT="&amp;" HEIGHT="38" WIDTH="33" VPOS="4509" HPOS="1428"/>
<SP HEIGHT="40" WIDTH="33" VPOS="4508" HPOS="1462"/>
<String CONTENT="Boris" HEIGHT="43" WIDTH="166" VPOS="4506" HPOS="1496"/>
<SP HEIGHT="42" WIDTH="40" VPOS="4504" HPOS="1663"/>
<String CONTENT="C." HEIGHT="43" WIDTH="57" VPOS="4504" HPOS="1704"/>
</TextLine>
<TextLine HEIGHT="64" WIDTH="1163" VPOS="4558" HPOS="668">
<String CONTENT="Chaleff." HEIGHT="47" WIDTH="264" VPOS="4569" HPOS="668"/>
<SP HEIGHT="41" WIDTH="79" VPOS="4572" HPOS="933"/>
<String CONTENT="New" HEIGHT="39" WIDTH="101" VPOS="4572" HPOS="1013"/>
<SP HEIGHT="39" WIDTH="34" VPOS="4571" HPOS="1115"/>
<String CONTENT="York," HEIGHT="51" WIDTH="164" VPOS="4569" HPOS="1150"/>
<SP HEIGHT="52" WIDTH="45" VPOS="4568" HPOS="1315"/>
<String CONTENT="Globe" HEIGHT="41" WIDTH="164" VPOS="4567" HPOS="1361"/>
<SP HEIGHT="38" WIDTH="41" VPOS="4567" HPOS="1526"/>
<String CONTENT="Book" HEIGHT="40" WIDTH="137" VPOS="4565" HPOS="1568"/>
<SP HEIGHT="41" WIDTH="32" VPOS="4563" HPOS="1706"/>
<String CONTENT="Co." HEIGHT="40" WIDTH="92" VPOS="4564" HPOS="1739"/>
</TextLine>
<TextLine HEIGHT="67" WIDTH="960" VPOS="4620" HPOS="664" CS="1">
<String CONTENT="47" HEIGHT="54" WIDTH="68" VPOS="4622" HPOS="664"/>
<SP HEIGHT="51" WIDTH="40" VPOS="4631" HPOS="732"/>
<String CONTENT="p." HEIGHT="41" WIDTH="57" VPOS="4641" HPOS="772"/>
<SP HEIGHT="60" WIDTH="89" VPOS="4624" HPOS="830"/>
<String CONTENT="(Pathways" HEIGHT="60" WIDTH="297" VPOS="4625" HPOS="919"/>
<SP HEIGHT="41" WIDTH="43" VPOS="4626" HPOS="1216"/>
<String CONTENT="in" HEIGHT="41" WIDTH="64" VPOS="4626" HPOS="1259"/>
<SP HEIGHT="31" WIDTH="40" VPOS="4635" HPOS="1323"/>
<String CONTENT="science." HEIGHT="41" WIDTH="261" VPOS="4624" HPOS="1363"/>
</TextLine>
<TextLine HEIGHT="70" WIDTH="1227" VPOS="4674" HPOS="673" CS="1">
<String CS="1" CONTENT="Physics," HEIGHT="53" WIDTH="231" VPOS="4687" HPOS="673"/>
<SP HEIGHT="49" WIDTH="47" VPOS="4688" HPOS="935"/>
<String CONTENT="2)" HEIGHT="58" WIDTH="55" VPOS="4682" HPOS="983"/>
<SP/>
<String CONTENT="&#169;" HEIGHT="39" WIDTH="39" VPOS="4686" HPOS="1114"/>
<SP HEIGHT="40" WIDTH="35" VPOS="4685" HPOS="1154"/>
<String CONTENT="Globe" HEIGHT="41" WIDTH="165" VPOS="4684" HPOS="1190"/>
<SP HEIGHT="39" WIDTH="40" VPOS="4685" HPOS="1356"/>
<String CONTENT="Book" HEIGHT="41" WIDTH="135" VPOS="4682" HPOS="1397"/>
<SP HEIGHT="39" WIDTH="34" VPOS="4682" HPOS="1533"/>
<String CONTENT="Co.," HEIGHT="48" WIDTH="128" VPOS="4682" HPOS="1568"/>
<SP HEIGHT="52" WIDTH="46" VPOS="4679" HPOS="1697"/>
<String CONTENT="Inc.;" HEIGHT="48" WIDTH="156" VPOS="4680" HPOS="1744"/>
</TextLine>
<TextLine HEIGHT="62" WIDTH="539" VPOS="4735" HPOS="706" CS="1">
<String CS="1" CONTENT="16Aug71;" HEIGHT="57" WIDTH="228" VPOS="4739" HPOS="706"/>
<SP HEIGHT="50" WIDTH="44" VPOS="4745" HPOS="935"/>
<!-- cceid 1687775F-7178-1014-A92C-DCC6D41F8A68 --><String CONTENT="A281715." HEIGHT="55" WIDTH="265" VPOS="4736" HPOS="980"/>
</TextLine>
<TextLine HEIGHT="138" WIDTH="1244" VPOS="4789" HPOS="619" CS="1">
<String CONTENT="The" HEIGHT="38" WIDTH="98" VPOS="4819" HPOS="619"/>
<SP HEIGHT="29" WIDTH="40" VPOS="4826" HPOS="717"/>
<String CONTENT="next" HEIGHT="40" WIDTH="134" VPOS="4814" HPOS="757"/>
<SP HEIGHT="44" WIDTH="42" VPOS="4815" HPOS="891"/>
<String CONTENT="generation;" HEIGHT="54" WIDTH="364" VPOS="4806" HPOS="933"/>
<SP HEIGHT="54" WIDTH="48" VPOS="4802" HPOS="1297"/>
<String CONTENT="laboratory" HEIGHT="48" WIDTH="340" VPOS="4799" HPOS="1346"/>
<SP HEIGHT="42" WIDTH="33" VPOS="4806" HPOS="1687"/>
<String CONTENT="workbook," HEIGHT="137" WIDTH="1175" VPOS="4790" HPOS="688"/>
<SP HEIGHT="54" WIDTH="44" VPOS="4869" HPOS="853"/>
<String CONTENT="by" HEIGHT="51" WIDTH="64" VPOS="4870" HPOS="898"/>
<SP HEIGHT="54" WIDTH="39" VPOS="4867" HPOS="963"/>
<String CONTENT="Joseph" HEIGHT="55" WIDTH="201" VPOS="4862" HPOS="1003"/>
<SP HEIGHT="45" WIDTH="34" VPOS="4862" HPOS="1205"/>
<String CONTENT="M." HEIGHT="44" WIDTH="58" VPOS="4862" HPOS="1240"/>
<SP HEIGHT="49" WIDTH="48" VPOS="4858" HPOS="1299"/>
<String CONTENT="Oxenhorn" HEIGHT="45" WIDTH="272" VPOS="4858" HPOS="1348"/>
<SP HEIGHT="43" WIDTH="35" VPOS="4855" HPOS="1621"/>
<String CONTENT="&amp;" HEIGHT="40" WIDTH="33" VPOS="4855" HPOS="1657"/>
</TextLine>
<TextLine HEIGHT="71" WIDTH="1102" VPOS="4909" HPOS="688" CS="1">
<String CONTENT="W." HEIGHT="42" WIDTH="62" VPOS="4933" HPOS="688"/>
<SP HEIGHT="44" WIDTH="44" VPOS="4931" HPOS="751"/>
<String CONTENT="Dean" HEIGHT="40" WIDTH="135" VPOS="4931" HPOS="796"/>
<SP HEIGHT="40" WIDTH="36" VPOS="4928" HPOS="932"/>
<String CONTENT="Hawver." HEIGHT="40" WIDTH="228" VPOS="4928" HPOS="969"/>
<SP HEIGHT="44" WIDTH="80" VPOS="4922" HPOS="1198"/>
<String CONTENT="New" HEIGHT="40" WIDTH="101" VPOS="4922" HPOS="1279"/>
<SP HEIGHT="40" WIDTH="31" VPOS="4919" HPOS="1381"/>
<String CS="1" CONTENT="York," HEIGHT="43" WIDTH="140" VPOS="4917" HPOS="1413"/>
<SP HEIGHT="51" WIDTH="45" VPOS="4916" HPOS="1579"/>
<String CONTENT="Globe" HEIGHT="41" WIDTH="165" VPOS="4913" HPOS="1625"/>
</TextLine>
<TextLine HEIGHT="67" WIDTH="1000" VPOS="4968" HPOS="693">
<String CONTENT="Book" HEIGHT="43" WIDTH="137" VPOS="4988" HPOS="693"/>
<SP HEIGHT="44" WIDTH="33" VPOS="4986" HPOS="831"/>
<String CONTENT="Co." HEIGHT="42" WIDTH="92" VPOS="4986" HPOS="865"/>
<SP HEIGHT="55" WIDTH="74" VPOS="4973" HPOS="958"/>
<String CONTENT="42" HEIGHT="52" WIDTH="71" VPOS="4973" HPOS="1033"/>
<SP HEIGHT="49" WIDTH="35" VPOS="4984" HPOS="1105"/>
<String CONTENT="p." HEIGHT="42" WIDTH="57" VPOS="4991" HPOS="1141"/>
<SP HEIGHT="59" WIDTH="89" VPOS="4973" HPOS="1199"/>
<String CONTENT="(Pathways" HEIGHT="61" WIDTH="293" VPOS="4973" HPOS="1289"/>
<SP HEIGHT="42" WIDTH="43" VPOS="4972" HPOS="1583"/>
<String CONTENT="in" HEIGHT="40" WIDTH="66" VPOS="4972" HPOS="1627"/>
</TextLine>
<TextLine HEIGHT="74" WIDTH="1202" VPOS="5020" HPOS="698" CS="1">
<String CONTENT="science." HEIGHT="45" WIDTH="261" VPOS="5045" HPOS="698"/>
<SP HEIGHT="43" WIDTH="79" VPOS="5042" HPOS="959"/>
<String CS="1" CONTENT="Biology," HEIGHT="49" WIDTH="242" VPOS="5038" HPOS="1038"/>
<SP HEIGHT="51" WIDTH="42" VPOS="5036" HPOS="1303"/>
<String CONTENT="3)" HEIGHT="58" WIDTH="62" VPOS="5030" HPOS="1345"/>
<SP/>
<String CONTENT="&#169;" HEIGHT="40" WIDTH="40" VPOS="5030" HPOS="1483"/>
<SP HEIGHT="40" WIDTH="35" VPOS="5031" HPOS="1523"/>
<String CONTENT="Giobe" HEIGHT="42" WIDTH="164" VPOS="5030" HPOS="1558"/>
<SP HEIGHT="38" WIDTH="41" VPOS="5029" HPOS="1722"/>
<String CONTENT="Book" HEIGHT="41" WIDTH="137" VPOS="5025" HPOS="1763"/>
</TextLine>
<TextLine HEIGHT="80" WIDTH="921" VPOS="5074" HPOS="694" CS="1">
<String CS="1" CONTENT="Co.," HEIGHT="42" WIDTH="93" VPOS="5105" HPOS="694"/>
<SP HEIGHT="48" WIDTH="46" VPOS="5102" HPOS="824"/>
<String CONTENT="Inc.;" HEIGHT="49" WIDTH="156" VPOS="5102" HPOS="871"/>
<SP HEIGHT="55" WIDTH="48" VPOS="5096" HPOS="1028"/>
<String CS="1" CONTENT="1Sep71;" HEIGHT="52" WIDTH="92" VPOS="5094" HPOS="1211"/>
<SP HEIGHT="53" WIDTH="44" VPOS="5093" HPOS="1304"/>
<!-- cceid 16887748-7178-1014-A92C-DCC6D41F8A68 --><String CONTENT="A281714." HEIGHT="58" WIDTH="266" VPOS="5077" HPOS="1349"/>
</TextLine>
</TextBlock>
<TextBlock ID="Page3176_Block9" HEIGHT="1127" WIDTH="1367" VPOS="5153" HPOS="578" LANG="en-US" CS="1" STYLEREFS="StyleId-5C57FCE7-11FF-42EE-92AB-8D67FBCA0109-">
<Shape>
<Polygon POINTS="583,5153 683,5153 683,5154 891,5154 891,5155 1100,5155 1100,5156 1309,5156 1309,5157 1517,5157 1517,5158 1726,5158 1726,5159 1935,5159 1935,5160 1945,5160 1945,5276 1944,5276 1944,5485 1943,5485 1943,5694 1942,5694 1942,5902 1941,5902 1941,6111 1940,6111 1940,6279 1939,6279 1939,6280 1933,6280 1933,6279 1724,6279 1724,6278 1516,6278 1516,6277 1307,6277 1307,6276 1098,6276 1098,6275 890,6275 890,6274 681,6274 681,6273 578,6273 578,6109 579,6109 579,5901 580,5901 580,5692 581,5692 581,5483 582,5483 582,5275 583,5275 583,5153"/>
</Shape>
<TextLine HEIGHT="65" WIDTH="1202" VPOS="5157" HPOS="628">
<String CONTENT="Oceans" HEIGHT="40" WIDTH="198" VPOS="5177" HPOS="628"/>
<SP HEIGHT="31" WIDTH="42" VPOS="5183" HPOS="827"/>
<String CONTENT="of" HEIGHT="41" WIDTH="63" VPOS="5172" HPOS="870"/>
<SP HEIGHT="40" WIDTH="38" VPOS="5173" HPOS="934"/>
<String CONTENT="air" HEIGHT="41" WIDTH="99" VPOS="5172" HPOS="973"/>
<SP HEIGHT="31" WIDTH="37" VPOS="5181" HPOS="1073"/>
<String CONTENT="and" HEIGHT="41" WIDTH="98" VPOS="5170" HPOS="1111"/>
<SP HEIGHT="40" WIDTH="34" VPOS="5170" HPOS="1210"/>
<String CONTENT="water;" HEIGHT="50" WIDTH="196" VPOS="5167" HPOS="1245"/>
<SP HEIGHT="52" WIDTH="49" VPOS="5165" HPOS="1442"/>
<String CONTENT="laboratory" HEIGHT="50" WIDTH="338" VPOS="5161" HPOS="1492"/>
</TextLine>
<TextLine HEIGHT="68" WIDTH="1070" VPOS="5218" HPOS="693" CS="1">
<String CS="1" CONTENT="workbook," HEIGHT="45" WIDTH="279" VPOS="5230" HPOS="693"/>
<SP HEIGHT="51" WIDTH="45" VPOS="5231" HPOS="996"/>
<String CONTENT="by" HEIGHT="48" WIDTH="65" VPOS="5231" HPOS="1041"/>
<SP HEIGHT="50" WIDTH="41" VPOS="5229" HPOS="1106"/>
<String CONTENT="Joseph" HEIGHT="52" WIDTH="201" VPOS="5226" HPOS="1147"/>
<SP HEIGHT="41" WIDTH="33" VPOS="5226" HPOS="1349"/>
<String CONTENT="M." HEIGHT="42" WIDTH="59" VPOS="5226" HPOS="1383"/>
<SP HEIGHT="44" WIDTH="48" VPOS="5224" HPOS="1443"/>
<String CS="1" CONTENT="Oxenhorn," HEIGHT="45" WIDTH="271" VPOS="5221" HPOS="1492"/>
</TextLine>
<TextLine HEIGHT="64" WIDTH="1161" VPOS="5273" HPOS="697">
<String CONTENT="Keith" HEIGHT="41" WIDTH="168" VPOS="5291" HPOS="697"/>
<SP HEIGHT="41" WIDTH="37" VPOS="5290" HPOS="866"/>
<String CONTENT="H." HEIGHT="40" WIDTH="57" VPOS="5291" HPOS="904"/>
<SP HEIGHT="43" WIDTH="45" VPOS="5288" HPOS="962"/>
<String CONTENT="Conrow" HEIGHT="40" WIDTH="204" VPOS="5288" HPOS="1008"/>
<SP HEIGHT="40" WIDTH="35" VPOS="5285" HPOS="1213"/>
<String CONTENT="&amp;" HEIGHT="39" WIDTH="33" VPOS="5285" HPOS="1249"/>
<SP HEIGHT="42" WIDTH="32" VPOS="5283" HPOS="1283"/>
<String CONTENT="Donald" HEIGHT="43" WIDTH="203" VPOS="5281" HPOS="1316"/>
<SP HEIGHT="39" WIDTH="40" VPOS="5282" HPOS="1520"/>
<String CONTENT="R." HEIGHT="41" WIDTH="55" VPOS="5282" HPOS="1561"/>
<SP HEIGHT="42" WIDTH="48" VPOS="5281" HPOS="1617"/>
<String CONTENT="Smith." HEIGHT="43" WIDTH="192" VPOS="5277" HPOS="1666"/>
</TextLine>
<TextLine HEIGHT="75" WIDTH="1058" VPOS="5325" HPOS="697">
<String CONTENT="New" HEIGHT="38" WIDTH="102" VPOS="5350" HPOS="697"/>
<SP HEIGHT="39" WIDTH="32" VPOS="5348" HPOS="800"/>
<String CONTENT="York," HEIGHT="50" WIDTH="164" VPOS="5346" HPOS="833"/>
<SP HEIGHT="51" WIDTH="46" VPOS="5345" HPOS="998"/>
<String CONTENT="Globe" HEIGHT="42" WIDTH="164" VPOS="5343" HPOS="1045"/>
<SP HEIGHT="39" WIDTH="39" VPOS="5344" HPOS="1210"/>
<String CONTENT="Book" HEIGHT="42" WIDTH="136" VPOS="5341" HPOS="1250"/>
<SP HEIGHT="42" WIDTH="33" VPOS="5339" HPOS="1387"/>
<String CONTENT="Co." HEIGHT="43" WIDTH="92" VPOS="5339" HPOS="1421"/>
<SP HEIGHT="53" WIDTH="74" VPOS="5329" HPOS="1514"/>
<String CONTENT="47" HEIGHT="53" WIDTH="68" VPOS="5329" HPOS="1589"/>
<SP HEIGHT="51" WIDTH="38" VPOS="5336" HPOS="1658"/>
<String CONTENT="p." HEIGHT="41" WIDTH="58" VPOS="5347" HPOS="1697"/>
</TextLine>
<TextLine HEIGHT="76" WIDTH="1230" VPOS="5388" HPOS="706">
<String CONTENT="(Pathways" HEIGHT="58" WIDTH="295" VPOS="5401" HPOS="706"/>
<SP HEIGHT="41" WIDTH="43" VPOS="5402" HPOS="1002"/>
<String CONTENT="in" HEIGHT="41" WIDTH="65" VPOS="5402" HPOS="1046"/>
<SP HEIGHT="30" WIDTH="37" VPOS="5411" HPOS="1112"/>
<String CONTENT="science." HEIGHT="42" WIDTH="260" VPOS="5400" HPOS="1150"/>
<SP HEIGHT="42" WIDTH="80" VPOS="5398" HPOS="1411"/>
<String CONTENT="Earth" HEIGHT="41" WIDTH="169" VPOS="5395" HPOS="1492"/>
<SP HEIGHT="39" WIDTH="40" VPOS="5396" HPOS="1662"/>
<String CONTENT="science" HEIGHT="44" WIDTH="233" VPOS="5392" HPOS="1703"/>
</TextLine>
<TextLine HEIGHT="83" WIDTH="1230" VPOS="5439" HPOS="700" CS="1">
<String CONTENT="2)" HEIGHT="60" WIDTH="57" VPOS="5456" HPOS="700"/>
<SP/>
<String CONTENT="&#169;" HEIGHT="40" WIDTH="40" VPOS="5460" HPOS="833"/>
<SP HEIGHT="41" WIDTH="35" VPOS="5460" HPOS="873"/>
<String CONTENT="Globe" HEIGHT="42" WIDTH="164" VPOS="5459" HPOS="908"/>
<SP HEIGHT="42" WIDTH="41" VPOS="5458" HPOS="1072"/>
<String CONTENT="Book" HEIGHT="40" WIDTH="136" VPOS="5458" HPOS="1113"/>
<SP HEIGHT="43" WIDTH="36" VPOS="5455" HPOS="1249"/>
<String CONTENT="Co.," HEIGHT="52" WIDTH="128" VPOS="5455" HPOS="1285"/>
<SP HEIGHT="52" WIDTH="48" VPOS="5455" HPOS="1413"/>
<String CONTENT="Inc.;" HEIGHT="49" WIDTH="157" VPOS="5455" HPOS="1461"/>
<SP HEIGHT="53" WIDTH="49" VPOS="5451" HPOS="1618"/>
<String CS="1" CONTENT="16Aug71;" HEIGHT="58" WIDTH="231" VPOS="5443" HPOS="1699"/>
</TextLine>
<TextLine HEIGHT="55" WIDTH="265" VPOS="5510" HPOS="698">
<!-- cceid 16896C28-7178-1014-A92C-DCC6D41F8A68 --><String CONTENT="A281717." HEIGHT="55" WIDTH="265" VPOS="5510" HPOS="698"/>
</TextLine>
<TextLine HEIGHT="61" WIDTH="1195" VPOS="5575" HPOS="612">
<String CONTENT="Pathways" HEIGHT="49" WIDTH="270" VPOS="5583" HPOS="612"/>
<SP HEIGHT="39" WIDTH="43" VPOS="5585" HPOS="883"/>
<String CONTENT="in" HEIGHT="39" WIDTH="66" VPOS="5585" HPOS="927"/>
<SP HEIGHT="31" WIDTH="38" VPOS="5593" HPOS="994"/>
<String CONTENT="science:" HEIGHT="43" WIDTH="258" VPOS="5582" HPOS="1033"/>
<SP HEIGHT="36" WIDTH="49" VPOS="5590" HPOS="1292"/>
<String CONTENT="earth" HEIGHT="42" WIDTH="168" VPOS="5580" HPOS="1342"/>
<SP HEIGHT="39" WIDTH="37" VPOS="5582" HPOS="1511"/>
<String CONTENT="science." HEIGHT="42" WIDTH="258" VPOS="5580" HPOS="1549"/>
</TextLine>
<TextLine HEIGHT="70" WIDTH="1239" VPOS="5625" HPOS="685">
<String CONTENT="Edited" HEIGHT="44" WIDTH="204" VPOS="5636" HPOS="686"/>
<SP HEIGHT="40" WIDTH="36" VPOS="5637" HPOS="891"/>
<String CONTENT="by" HEIGHT="52" WIDTH="67" VPOS="5638" HPOS="927"/>
<SP HEIGHT="52" WIDTH="37" VPOS="5638" HPOS="994"/>
<String CONTENT="Peter" HEIGHT="46" WIDTH="169" VPOS="5635" HPOS="1032"/>
<SP HEIGHT="48" WIDTH="34" VPOS="5630" HPOS="1202"/>
<String CONTENT="Greenleaf." HEIGHT="50" WIDTH="331" VPOS="5630" HPOS="1237"/>
<SP HEIGHT="39" WIDTH="81" VPOS="5634" HPOS="1569"/>
<String CONTENT="Combined" HEIGHT="46" WIDTH="273" VPOS="5629" HPOS="1651"/>
</TextLine>
<TextLine HEIGHT="56" WIDTH="983" VPOS="5689" HPOS="689" CS="1">
<String CONTENT="ed." HEIGHT="41" WIDTH="86" VPOS="5697" HPOS="689"/>
<SP HEIGHT="41" WIDTH="85" VPOS="5698" HPOS="776"/>
<String CONTENT="New" HEIGHT="42" WIDTH="97" VPOS="5698" HPOS="862"/>
<SP HEIGHT="40" WIDTH="34" VPOS="5698" HPOS="960"/>
<String CS="1" CONTENT="York," HEIGHT="45" WIDTH="137" VPOS="5694" HPOS="995"/>
<SP HEIGHT="46" WIDTH="43" VPOS="5697" HPOS="1159"/>
<String CONTENT="Globe" HEIGHT="44" WIDTH="168" VPOS="5693" HPOS="1203"/>
<SP HEIGHT="39" WIDTH="37" VPOS="5696" HPOS="1372"/>
<String CONTENT="Book" HEIGHT="44" WIDTH="136" VPOS="5692" HPOS="1410"/>
<SP HEIGHT="39" WIDTH="34" VPOS="5693" HPOS="1547"/>
<String CONTENT="Co." HEIGHT="39" WIDTH="90" VPOS="5693" HPOS="1582"/>
</TextLine>
<TextLine HEIGHT="68" WIDTH="1238" VPOS="5742" HPOS="686">
<String CONTENT="514" HEIGHT="58" WIDTH="103" VPOS="5745" HPOS="686"/>
<SP HEIGHT="59" WIDTH="35" VPOS="5745" HPOS="790"/>
<String CONTENT="p." HEIGHT="41" WIDTH="53" VPOS="5764" HPOS="826"/>
<SP HEIGHT="39" WIDTH="84" VPOS="5756" HPOS="880"/>
<String CONTENT="NM:" HEIGHT="41" WIDTH="86" VPOS="5756" HPOS="965"/>
<SP HEIGHT="38" WIDTH="48" VPOS="5760" HPOS="1052"/>
<String CONTENT="compilation" HEIGHT="53" WIDTH="377" VPOS="5749" HPOS="1101"/>
<SP HEIGHT="40" WIDTH="35" VPOS="5751" HPOS="1479"/>
<String CONTENT="&amp;" HEIGHT="39" WIDTH="32" VPOS="5752" HPOS="1515"/>
<SP HEIGHT="39" WIDTH="36" VPOS="5752" HPOS="1548"/>
<String CONTENT="additional" HEIGHT="46" WIDTH="339" VPOS="5746" HPOS="1585"/>
</TextLine>
<TextLine HEIGHT="53" WIDTH="1022" VPOS="5804" HPOS="688" CS="1">
<String CONTENT="text." HEIGHT="42" WIDTH="158" VPOS="5810" HPOS="688"/>
<SP HEIGHT="43" WIDTH="79" VPOS="5809" HPOS="847"/>
<String CONTENT="&#169;" HEIGHT="39" WIDTH="39" VPOS="5810" HPOS="927"/>
<SP HEIGHT="42" WIDTH="30" VPOS="5810" HPOS="967"/>
<String CONTENT="Globe" HEIGHT="44" WIDTH="167" VPOS="5809" HPOS="998"/>
<SP HEIGHT="39" WIDTH="37" VPOS="5811" HPOS="1166"/>
<String CONTENT="Book" HEIGHT="43" WIDTH="137" VPOS="5808" HPOS="1204"/>
<SP HEIGHT="39" WIDTH="33" VPOS="5809" HPOS="1342"/>
<String CS="1" CONTENT="Co.," HEIGHT="40" WIDTH="89" VPOS="5810" HPOS="1376"/>
<SP HEIGHT="50" WIDTH="48" VPOS="5807" HPOS="1503"/>
<String CONTENT="Inc.;" HEIGHT="47" WIDTH="158" VPOS="5808" HPOS="1552"/>
</TextLine>
<TextLine HEIGHT="63" WIDTH="469" VPOS="5856" HPOS="790" CS="1">
<String CS="1" CONTENT="11Oct71;" HEIGHT="51" WIDTH="163" VPOS="5867" HPOS="790"/>
<SP HEIGHT="49" WIDTH="44" VPOS="5869" HPOS="953"/>
<!-- cceid 168A6340-7178-1014-A92C-DCC6D41F8A68 --><String CONTENT="A288797." HEIGHT="58" WIDTH="262" VPOS="5857" HPOS="997"/>
</TextLine>
<TextLine HEIGHT="63" WIDTH="1093" VPOS="5916" HPOS="591">
<String CONTENT="Physics" HEIGHT="51" WIDTH="235" VPOS="5924" HPOS="591"/>
<SP HEIGHT="39" WIDTH="43" VPOS="5924" HPOS="827"/>
<String CONTENT="1:" HEIGHT="41" WIDTH="54" VPOS="5924" HPOS="871"/>
<SP HEIGHT="39" WIDTH="47" VPOS="5926" HPOS="926"/>
<String CONTENT="The" HEIGHT="41" WIDTH="97" VPOS="5924" HPOS="974"/>
<SP HEIGHT="42" WIDTH="40" VPOS="5922" HPOS="1072"/>
<String CONTENT="forces" HEIGHT="41" WIDTH="198" VPOS="5923" HPOS="1113"/>
<SP HEIGHT="29" WIDTH="40" VPOS="5933" HPOS="1312"/>
<String CONTENT="of" HEIGHT="39" WIDTH="65" VPOS="5923" HPOS="1353"/>
<SP HEIGHT="39" WIDTH="34" VPOS="5923" HPOS="1419"/>
<String CONTENT="nature;" HEIGHT="49" WIDTH="230" VPOS="5920" HPOS="1454"/>
</TextLine>
<TextLine HEIGHT="59" WIDTH="1061" VPOS="5973" HPOS="666">
<String CONTENT="laboratory" HEIGHT="49" WIDTH="339" VPOS="5979" HPOS="666"/>
<SP HEIGHT="39" WIDTH="32" VPOS="5989" HPOS="1006"/>
<String CONTENT="workbook." HEIGHT="44" WIDTH="299" VPOS="5977" HPOS="1039"/>
<SP HEIGHT="39" WIDTH="80" VPOS="5979" HPOS="1339"/>
<String CONTENT="By" HEIGHT="47" WIDTH="67" VPOS="5979" HPOS="1420"/>
<SP HEIGHT="48" WIDTH="37" VPOS="5979" HPOS="1488"/>
<String CONTENT="Joseph" HEIGHT="49" WIDTH="201" VPOS="5978" HPOS="1526"/>
</TextLine>
<TextLine HEIGHT="56" WIDTH="1056" VPOS="6030" HPOS="661" CS="1">
<String CONTENT="M." HEIGHT="40" WIDTH="54" VPOS="6041" HPOS="661"/>
<SP HEIGHT="39" WIDTH="51" VPOS="6041" HPOS="716"/>
<String CONTENT="Oxenhorn" HEIGHT="43" WIDTH="270" VPOS="6038" HPOS="768"/>
<SP HEIGHT="38" WIDTH="38" VPOS="6039" HPOS="1039"/>
<String CONTENT="&amp;" HEIGHT="39" WIDTH="31" VPOS="6039" HPOS="1078"/>
<SP HEIGHT="38" WIDTH="35" VPOS="6040" HPOS="1110"/>
<String CONTENT="Boris" HEIGHT="42" WIDTH="165" VPOS="6037" HPOS="1146"/>
<SP HEIGHT="39" WIDTH="41" VPOS="6038" HPOS="1312"/>
<String CONTENT="C." HEIGHT="39" WIDTH="52" VPOS="6038" HPOS="1354"/>
<SP HEIGHT="39" WIDTH="50" VPOS="6037" HPOS="1407"/>
<String CONTENT="Chaleff." HEIGHT="44" WIDTH="259" VPOS="6034" HPOS="1458"/>
</TextLine>
<TextLine HEIGHT="69" WIDTH="1056" VPOS="6081" HPOS="662">
<String CONTENT="New" HEIGHT="40" WIDTH="98" VPOS="6100" HPOS="662"/>
<SP HEIGHT="39" WIDTH="41" VPOS="6098" HPOS="760"/>
<String CONTENT="York," HEIGHT="50" WIDTH="161" VPOS="6096" HPOS="801"/>
<SP HEIGHT="48" WIDTH="47" VPOS="6098" HPOS="962"/>
<String CONTENT="Globe" HEIGHT="44" WIDTH="167" VPOS="6095" HPOS="1009"/>
<SP HEIGHT="39" WIDTH="38" VPOS="6098" HPOS="1176"/>
<String CONTENT="Book" HEIGHT="44" WIDTH="136" VPOS="6094" HPOS="1214"/>
<SP HEIGHT="40" WIDTH="38" VPOS="6095" HPOS="1350"/>
<String CONTENT="Co." HEIGHT="39" WIDTH="89" VPOS="6096" HPOS="1388"/>
<SP HEIGHT="50" WIDTH="81" VPOS="6085" HPOS="1477"/>
<String CONTENT="48" HEIGHT="46" WIDTH="67" VPOS="6086" HPOS="1558"/>
<SP HEIGHT="57" WIDTH="38" VPOS="6086" HPOS="1625"/>
<String CONTENT="p." HEIGHT="40" WIDTH="55" VPOS="6104" HPOS="1663"/>
</TextLine>
<TextLine HEIGHT="68" WIDTH="1020" VPOS="6145" HPOS="672">
<String CONTENT="(Pathways" HEIGHT="61" WIDTH="295" VPOS="6149" HPOS="672"/>
<SP HEIGHT="38" WIDTH="44" VPOS="6153" HPOS="968"/>
<String CONTENT="in" HEIGHT="38" WIDTH="61" VPOS="6153" HPOS="1013"/>
<SP HEIGHT="32" WIDTH="40" VPOS="6160" HPOS="1075"/>
<String CONTENT="science)" HEIGHT="57" WIDTH="259" VPOS="6147" HPOS="1116"/>
<SP HEIGHT="56" WIDTH="76" VPOS="6148" HPOS="1376"/>
<String CONTENT="&#169;" HEIGHT="34" WIDTH="37" VPOS="6154" HPOS="1453"/>
<SP HEIGHT="37" WIDTH="35" VPOS="6152" HPOS="1491"/>
<String CONTENT="Globe" HEIGHT="38" WIDTH="165" VPOS="6151" HPOS="1527"/>
</TextLine>
<TextLine HEIGHT="73" WIDTH="1091" VPOS="6194" HPOS="662" CS="1">
<String CONTENT="Book" HEIGHT="42" WIDTH="136" VPOS="6214" HPOS="662"/>
<SP HEIGHT="40" WIDTH="38" VPOS="6215" HPOS="799"/>
<String CONTENT="Co.," HEIGHT="48" WIDTH="124" VPOS="6215" HPOS="838"/>
<SP HEIGHT="49" WIDTH="49" VPOS="6214" HPOS="963"/>
<String CONTENT="Inc.;" HEIGHT="48" WIDTH="158" VPOS="6214" HPOS="1013"/>
<SP HEIGHT="52" WIDTH="47" VPOS="6210" HPOS="1172"/>
<String CS="1" CONTENT="1Jun71;" HEIGHT="46" WIDTH="192" VPOS="6214" HPOS="1252"/>
<SP HEIGHT="50" WIDTH="44" VPOS="6210" HPOS="1445"/>
<!-- cceid 168B581D-7178-1014-A92C-DCC6D41F8A68 --><String CONTENT="A255582." HEIGHT="61" WIDTH="263" VPOS="6198" HPOS="1490"/>
</TextLine>
</TextBlock>
<TextBlock ID="Page3176_Block10" HEIGHT="5591" WIDTH="1415" VPOS="680" HPOS="2008" LANG="en-US" CS="1" STYLEREFS="StyleId-5C57FCE7-11FF-42EE-92AB-8D67FBCA0109-">
<Shape>
<Polygon POINTS="2035,680 2144,680 2144,681 2352,681 2352,682 2561,682 2561,683 2770,683 2770,684 2978,684 2978,685 3187,685 3187,686 3396,686 3396,687 3422,687 3422,893 3421,893 3421,1102 3420,1102 3420,1311 3419,1311 3419,1519 3418,1519 3418,1728 3417,1728 3417,1937 3416,1937 3416,2146 3415,2146 3415,2354 3414,2354 3414,2563 3413,2563 3413,2772 3412,2772 3412,2980 3411,2980 3411,3189 3410,3189 3410,3398 3409,3398 3409,3607 3408,3607 3408,3815 3407,3815 3407,4024 3406,4024 3406,4233 3405,4233 3405,4441 3404,4441 3404,4650 3403,4650 3403,4859 3402,4859 3402,5068 3401,5068 3401,5276 3400,5276 3400,5485 3399,5485 3399,5694 3398,5694 3398,5902 3397,5902 3397,6111 3396,6111 3396,6270 3395,6270 3395,6271 3394,6271 3394,6270 3185,6270 3185,6269 2977,6269 2977,6268 2768,6268 2768,6267 2559,6267 2559,6266 2351,6266 2351,6265 2142,6265 2142,6264 2008,6264 2008,6109 2009,6109 2009,5901 2010,5901 2010,5692 2011,5692 2011,5483 2012,5483 2012,5275 2013,5275 2013,5066 2014,5066 2014,4857 2015,4857 2015,4648 2016,4648 2016,4440 2017,4440 2017,4231 2018,4231 2018,4022 2019,4022 2019,3814 2020,3814 2020,3605 2021,3605 2021,3396 2022,3396 2022,3187 2023,3187 2023,2979 2024,2979 2024,2770 2025,2770 2025,2561 2026,2561 2026,2353 2027,2353 2027,2144 2028,2144 2028,1935 2029,1935 2029,1726 2030,1726 2030,1518 2031,1518 2031,1309 2032,1309 2032,1100 2033,1100 2033,892 2034,892 2034,683 2035,683 2035,680"/>
</Shape>
<TextLine HEIGHT="67" WIDTH="1263" VPOS="693" HPOS="2107">
<String CONTENT="Sound" HEIGHT="41" WIDTH="165" VPOS="693" HPOS="2107"/>
<SP HEIGHT="41" WIDTH="40" VPOS="694" HPOS="2273"/>
<String CONTENT="and" HEIGHT="40" WIDTH="97" VPOS="696" HPOS="2314"/>
<SP HEIGHT="42" WIDTH="40" VPOS="695" HPOS="2412"/>
<String CONTENT="light;" HEIGHT="55" WIDTH="191" VPOS="695" HPOS="2453"/>
<SP HEIGHT="50" WIDTH="47" VPOS="700" HPOS="2645"/>
<String CONTENT="laboratory" HEIGHT="55" WIDTH="341" VPOS="700" HPOS="2693"/>
<SP HEIGHT="41" WIDTH="33" VPOS="714" HPOS="3035"/>
<String CONTENT="workbook," HEIGHT="54" WIDTH="301" VPOS="706" HPOS="3069"/>
</TextLine>
<TextLine HEIGHT="63" WIDTH="1057" VPOS="752" HPOS="2173">
<String CONTENT="by" HEIGHT="51" WIDTH="66" VPOS="752" HPOS="2173"/>
<SP HEIGHT="48" WIDTH="38" VPOS="755" HPOS="2240"/>
<String CONTENT="Joseph" HEIGHT="51" WIDTH="202" VPOS="755" HPOS="2279"/>
<SP HEIGHT="41" WIDTH="34" VPOS="756" HPOS="2482"/>
<String CONTENT="M." HEIGHT="45" WIDTH="58" VPOS="757" HPOS="2517"/>
<SP HEIGHT="44" WIDTH="48" VPOS="758" HPOS="2576"/>
<String CONTENT="Oxenhorn," HEIGHT="55" WIDTH="298" VPOS="758" HPOS="2625"/>
<SP HEIGHT="50" WIDTH="44" VPOS="763" HPOS="2924"/>
<String CONTENT="Keith" HEIGHT="42" WIDTH="166" VPOS="763" HPOS="2969"/>
<SP HEIGHT="42" WIDTH="36" VPOS="765" HPOS="3136"/>
<String CONTENT="H." HEIGHT="43" WIDTH="57" VPOS="766" HPOS="3173"/>
</TextLine>
<TextLine HEIGHT="57" WIDTH="1206" VPOS="811" HPOS="2173" CS="1">
<String CONTENT="Conrow" HEIGHT="44" WIDTH="206" VPOS="811" HPOS="2173"/>
<SP HEIGHT="39" WIDTH="34" VPOS="815" HPOS="2380"/>
<String CONTENT="&amp;" HEIGHT="39" WIDTH="33" VPOS="815" HPOS="2415"/>
<SP HEIGHT="40" WIDTH="33" VPOS="815" HPOS="2449"/>
<String CONTENT="Donald" HEIGHT="44" WIDTH="203" VPOS="815" HPOS="2483"/>
<SP HEIGHT="41" WIDTH="38" VPOS="818" HPOS="2687"/>
<String CONTENT="R." HEIGHT="44" WIDTH="56" VPOS="819" HPOS="2726"/>
<SP HEIGHT="43" WIDTH="46" VPOS="820" HPOS="2783"/>
<String CONTENT="Smith." HEIGHT="46" WIDTH="192" VPOS="820" HPOS="2830"/>
<SP HEIGHT="42" WIDTH="80" VPOS="824" HPOS="3023"/>
<String CONTENT="New" HEIGHT="43" WIDTH="103" VPOS="824" HPOS="3104"/>
<SP HEIGHT="41" WIDTH="32" VPOS="826" HPOS="3208"/>
<String CS="1" CONTENT="York," HEIGHT="42" WIDTH="138" VPOS="826" HPOS="3241"/>
</TextLine>
<TextLine HEIGHT="70" WIDTH="1204" VPOS="865" HPOS="2174">
<String CONTENT="Globe" HEIGHT="41" WIDTH="167" VPOS="870" HPOS="2174"/>
<SP HEIGHT="39" WIDTH="40" VPOS="873" HPOS="2341"/>
<String CONTENT="Book" HEIGHT="38" WIDTH="136" VPOS="874" HPOS="2381"/>
<SP HEIGHT="39" WIDTH="35" VPOS="874" HPOS="2517"/>
<String CONTENT="Co." HEIGHT="42" WIDTH="92" VPOS="875" HPOS="2552"/>
<SP HEIGHT="50" WIDTH="75" VPOS="867" HPOS="2644"/>
<String CONTENT="48" HEIGHT="49" WIDTH="72" VPOS="867" HPOS="2719"/>
<SP HEIGHT="57" WIDTH="35" VPOS="871" HPOS="2791"/>
<String CONTENT="p." HEIGHT="40" WIDTH="59" VPOS="888" HPOS="2826"/>
<SP HEIGHT="59" WIDTH="91" VPOS="874" HPOS="2885"/>
<String CONTENT="(Pathways" HEIGHT="61" WIDTH="293" VPOS="874" HPOS="2976"/>
<SP HEIGHT="39" WIDTH="45" VPOS="884" HPOS="3269"/>
<String CONTENT="in" HEIGHT="40" WIDTH="64" VPOS="884" HPOS="3314"/>
</TextLine>
<TextLine HEIGHT="65" WIDTH="1202" VPOS="926" HPOS="2175" CS="1">
<String CONTENT="science." HEIGHT="45" WIDTH="260" VPOS="926" HPOS="2175"/>
<SP HEIGHT="39" WIDTH="84" VPOS="932" HPOS="2436"/>
<String CONTENT="Physics," HEIGHT="56" WIDTH="260" VPOS="931" HPOS="2521"/>
<SP HEIGHT="52" WIDTH="42" VPOS="935" HPOS="2782"/>
<String CONTENT="3)" HEIGHT="60" WIDTH="60" VPOS="929" HPOS="2825"/>
<SP/>
<String CONTENT="&#169;" HEIGHT="40" WIDTH="40" VPOS="936" HPOS="2961"/>
<SP HEIGHT="41" WIDTH="34" VPOS="937" HPOS="3002"/>
<String CONTENT="Globe" HEIGHT="44" WIDTH="165" VPOS="937" HPOS="3037"/>
<SP HEIGHT="40" WIDTH="37" VPOS="941" HPOS="3203"/>
<String CONTENT="Book" HEIGHT="42" WIDTH="136" VPOS="941" HPOS="3241"/>
</TextLine>
<TextLine HEIGHT="62" WIDTH="919" VPOS="983" HPOS="2170" CS="1">
<String CONTENT="Co.," HEIGHT="54" WIDTH="127" VPOS="983" HPOS="2170"/>
<SP HEIGHT="52" WIDTH="48" VPOS="985" HPOS="2298"/>
<String CONTENT="Inc.;" HEIGHT="55" WIDTH="156" VPOS="985" HPOS="2347"/>
<SP HEIGHT="51" WIDTH="47" VPOS="989" HPOS="2504"/>
<String CS="1" CONTENT="1Sep71;" HEIGHT="51" WIDTH="92" VPOS="991" HPOS="2687"/>
<SP HEIGHT="50" WIDTH="45" VPOS="993" HPOS="2780"/>
<!-- cceid 168C5471-7178-1014-A92C-DCC6D41F8A68 --><String CONTENT="A281719." HEIGHT="59" WIDTH="263" VPOS="986" HPOS="2826"/>
</TextLine>
<TextLine HEIGHT="59" WIDTH="710" VPOS="1076" HPOS="2065">
<String CONTENT="OXFORD" HEIGHT="45" WIDTH="200" VPOS="1076" HPOS="2065"/>
<SP HEIGHT="41" WIDTH="37" VPOS="1080" HPOS="2265"/>
<String CONTENT="BOOK" HEIGHT="43" WIDTH="142" VPOS="1079" HPOS="2302"/>
<SP HEIGHT="41" WIDTH="34" VPOS="1080" HPOS="2444"/>
<String CONTENT="CO.," HEIGHT="55" WIDTH="126" VPOS="1080" HPOS="2478"/>
<SP HEIGHT="52" WIDTH="46" VPOS="1083" HPOS="2604"/>
<String CONTENT="INC." HEIGHT="43" WIDTH="125" VPOS="1082" HPOS="2650"/>
</TextLine>
<TextLine HEIGHT="57" WIDTH="1166" VPOS="1141" HPOS="2131">
<String CONTENT="Ecology:" HEIGHT="52" WIDTH="263" VPOS="1142" HPOS="2131"/>
<SP HEIGHT="30" WIDTH="44" VPOS="1154" HPOS="2395"/>
<String CONTENT="man's" HEIGHT="40" WIDTH="166" VPOS="1145" HPOS="2440"/>
<SP HEIGHT="30" WIDTH="43" VPOS="1154" HPOS="2607"/>
<String CONTENT="relationship" HEIGHT="52" WIDTH="407" VPOS="1144" HPOS="2651"/>
<SP HEIGHT="48" WIDTH="39" VPOS="1148" HPOS="3059"/>
<String CONTENT="to" HEIGHT="39" WIDTH="64" VPOS="1148" HPOS="3099"/>
<SP HEIGHT="41" WIDTH="37" VPOS="1147" HPOS="3164"/>
<String CONTENT="his" HEIGHT="39" WIDTH="95" VPOS="1148" HPOS="3202"/>
</TextLine>
<TextLine HEIGHT="46" WIDTH="859" VPOS="1200" HPOS="2202" CS="1">
<String CONTENT="environment." HEIGHT="42" WIDTH="402" VPOS="1202" HPOS="2202"/>
<SP HEIGHT="40" WIDTH="79" VPOS="1204" HPOS="2605"/>
<String CONTENT="See" HEIGHT="38" WIDTH="97" VPOS="1204" HPOS="2685"/>
<SP HEIGHT="38" WIDTH="42" VPOS="1205" HPOS="2783"/>
<String CS="1" CONTENT="PAULINE," HEIGHT="42" WIDTH="235" VPOS="1203" HPOS="2826"/>
</TextLine>
<TextLine HEIGHT="45" WIDTH="365" VPOS="1257" HPOS="2201">
<String CONTENT="LAWRENCE" HEIGHT="43" WIDTH="272" VPOS="1257" HPOS="2201"/>
<SP HEIGHT="39" WIDTH="37" VPOS="1260" HPOS="2474"/>
<String CONTENT="J." HEIGHT="41" WIDTH="54" VPOS="1261" HPOS="2512"/>
</TextLine>
<TextLine HEIGHT="63" WIDTH="1269" VPOS="1326" HPOS="2101">
<String CONTENT="Testing" HEIGHT="52" WIDTH="237" VPOS="1326" HPOS="2101"/>
<SP HEIGHT="42" WIDTH="38" VPOS="1337" HPOS="2339"/>
<String CONTENT="program" HEIGHT="41" WIDTH="238" VPOS="1339" HPOS="2378"/>
<SP HEIGHT="40" WIDTH="35" VPOS="1333" HPOS="2617"/>
<String CONTENT="for" HEIGHT="40" WIDTH="97" VPOS="1333" HPOS="2653"/>
<SP HEIGHT="41" WIDTH="39" VPOS="1335" HPOS="2751"/>
<String CONTENT="New" HEIGHT="40" WIDTH="98" VPOS="1336" HPOS="2791"/>
<SP HEIGHT="41" WIDTH="39" VPOS="1335" HPOS="2890"/>
<String CONTENT="building" HEIGHT="54" WIDTH="271" VPOS="1335" HPOS="2930"/>
<SP HEIGHT="42" WIDTH="35" VPOS="1347" HPOS="3202"/>
<String CONTENT="word" HEIGHT="40" WIDTH="132" VPOS="1341" HPOS="3238"/>
</TextLine>
<TextLine HEIGHT="56" WIDTH="884" VPOS="1392" HPOS="2170" CS="1">
<String CONTENT="power." HEIGHT="40" WIDTH="194" VPOS="1397" HPOS="2170"/>
<SP HEIGHT="38" WIDTH="81" VPOS="1393" HPOS="2365"/>
<String CONTENT="See" HEIGHT="38" WIDTH="97" VPOS="1393" HPOS="2447"/>
<SP HEIGHT="40" WIDTH="39" VPOS="1393" HPOS="2545"/>
<String CS="1" CONTENT="ORGEL," HEIGHT="42" WIDTH="173" VPOS="1394" HPOS="2585"/>
<SP HEIGHT="50" WIDTH="43" VPOS="1397" HPOS="2782"/>
<String CONTENT="JOSEPH." HEIGHT="42" WIDTH="228" VPOS="1397" HPOS="2826"/>
</TextLine>
<TextLine HEIGHT="49" WIDTH="743" VPOS="1525" HPOS="2048">
<String CONTENT="OXFORD" HEIGHT="44" WIDTH="200" VPOS="1525" HPOS="2048"/>
<SP HEIGHT="40" WIDTH="39" VPOS="1528" HPOS="2249"/>
<String CONTENT="PENDAFLEX" HEIGHT="45" WIDTH="302" VPOS="1527" HPOS="2289"/>
<SP HEIGHT="41" WIDTH="40" VPOS="1530" HPOS="2592"/>
<String CONTENT="CORP." HEIGHT="45" WIDTH="158" VPOS="1529" HPOS="2633"/>
</TextLine>
<TextLine HEIGHT="62" WIDTH="1188" VPOS="1583" HPOS="2116">
<String CONTENT="Catalog" HEIGHT="52" WIDTH="237" VPOS="1585" HPOS="2116"/>
<SP HEIGHT="52" WIDTH="34" VPOS="1586" HPOS="2354"/>
<String CONTENT="B;" HEIGHT="50" WIDTH="56" VPOS="1587" HPOS="2389"/>
<SP HEIGHT="49" WIDTH="48" VPOS="1588" HPOS="2446"/>
<String CONTENT="lateral" HEIGHT="41" WIDTH="233" VPOS="1588" HPOS="2495"/>
<SP HEIGHT="40" WIDTH="41" VPOS="1589" HPOS="2729"/>
<String CONTENT="cabinets," HEIGHT="48" WIDTH="293" VPOS="1586" HPOS="2771"/>
<SP HEIGHT="47" WIDTH="79" VPOS="1590" HPOS="3065"/>
<String CONTENT="39" HEIGHT="49" WIDTH="67" VPOS="1589" HPOS="3145"/>
<SP HEIGHT="55" WIDTH="36" VPOS="1590" HPOS="3213"/>
<String CONTENT="p." HEIGHT="45" WIDTH="54" VPOS="1600" HPOS="3250"/>
</TextLine>
<TextLine HEIGHT="57" WIDTH="1134" VPOS="1643" HPOS="2180" CS="1">
<String CONTENT="&#169;" HEIGHT="40" WIDTH="41" VPOS="1645" HPOS="2180"/>
<SP HEIGHT="41" WIDTH="31" VPOS="1645" HPOS="2222"/>
<String CONTENT="Oxford" HEIGHT="42" WIDTH="198" VPOS="1645" HPOS="2254"/>
<SP HEIGHT="41" WIDTH="41" VPOS="1646" HPOS="2453"/>
<String CONTENT="Pendaflex" HEIGHT="44" WIDTH="305" VPOS="1645" HPOS="2495"/>
<SP HEIGHT="42" WIDTH="38" VPOS="1647" HPOS="2801"/>
<String CONTENT="Corp.;" HEIGHT="52" WIDTH="191" VPOS="1647" HPOS="2840"/>
<SP HEIGHT="48" WIDTH="47" VPOS="1649" HPOS="3032"/>
<String CS="1" CONTENT="15Oct71;" HEIGHT="51" WIDTH="234" VPOS="1647" HPOS="3080"/>
</TextLine>
<TextLine HEIGHT="61" WIDTH="263" VPOS="1694" HPOS="2182">
<!-- cceid 168F631A-7178-1014-A92C-DCC6D41F8A68 --><String CONTENT="A284450." HEIGHT="61" WIDTH="263" VPOS="1694" HPOS="2182"/>
</TextLine>
<TextLine HEIGHT="68" WIDTH="1189" VPOS="1773" HPOS="2128">
<String CONTENT="Catalog" HEIGHT="53" WIDTH="237" VPOS="1779" HPOS="2128"/>
<SP HEIGHT="49" WIDTH="35" VPOS="1783" HPOS="2366"/>
<String CONTENT="C;" HEIGHT="48" WIDTH="56" VPOS="1783" HPOS="2402"/>
<SP HEIGHT="49" WIDTH="44" VPOS="1782" HPOS="2459"/>
<String CONTENT="filing" HEIGHT="53" WIDTH="206" VPOS="1782" HPOS="2504"/>
<SP HEIGHT="42" WIDTH="37" VPOS="1793" HPOS="2711"/>
<String CONTENT="supplies/systems." HEIGHT="65" WIDTH="568" VPOS="1776" HPOS="2749"/>
</TextLine>
<TextLine HEIGHT="68" WIDTH="1051" VPOS="1828" HPOS="2197" STYLEREFS="StyleId-C7FB0806-7FEC-4F0B-864C-4C7DF5E17A64-" CS="1">
<String CONTENT="98" HEIGHT="58" WIDTH="64" VPOS="1828" HPOS="2197"/>
<SP HEIGHT="61" WIDTH="36" VPOS="1828" HPOS="2262"/>
<String CONTENT="p." HEIGHT="40" WIDTH="54" VPOS="1849" HPOS="2299"/>
<SP/>
<String CONTENT="&#169;" HEIGHT="45" WIDTH="39" VPOS="1838" HPOS="2434"/>
<SP HEIGHT="45" WIDTH="32" VPOS="1838" HPOS="2474"/>
<String CONTENT="Oxford" HEIGHT="45" WIDTH="199" VPOS="1839" HPOS="2507"/>
<SP HEIGHT="43" WIDTH="40" VPOS="1841" HPOS="2707"/>
<String CONTENT="Pendaflex" HEIGHT="44" WIDTH="304" VPOS="1842" HPOS="2748"/>
<SP HEIGHT="42" WIDTH="38" VPOS="1844" HPOS="3053"/>
<String CS="1" CONTENT="Cprp.," HEIGHT="52" WIDTH="156" VPOS="1844" HPOS="3092"/>
</TextLine>
<TextLine HEIGHT="62" WIDTH="570" VPOS="1887" HPOS="2197" STYLEREFS="StyleId-C7FB0806-7FEC-4F0B-864C-4C7DF5E17A64-" CS="1">
<String CS="1" CONTENT="15Oct71;" HEIGHT="52" WIDTH="262" VPOS="1896" HPOS="2197"/>
<SP HEIGHT="50" WIDTH="44" VPOS="1898" HPOS="2459"/>
<!-- cceid 16905F4F-7178-1014-A92C-DCC6D41F8A68 --><String CONTENT="A284451." HEIGHT="61" WIDTH="264" VPOS="1888" HPOS="2503"/>
</TextLine>
<TextLine HEIGHT="51" WIDTH="811" VPOS="1982" HPOS="2041" STYLEREFS="StyleId-C7FB0806-7FEC-4F0B-864C-4C7DF5E17A64-">
<String CONTENT="OXFORD" HEIGHT="45" WIDTH="201" VPOS="1982" HPOS="2041"/>
<SP HEIGHT="41" WIDTH="33" VPOS="1987" HPOS="2243"/>
<String CONTENT="UNIVERSITY" HEIGHT="44" WIDTH="345" VPOS="1987" HPOS="2277"/>
<SP HEIGHT="41" WIDTH="34" VPOS="1990" HPOS="2623"/>
<String CONTENT="PRESS." HEIGHT="45" WIDTH="194" VPOS="1988" HPOS="2658"/>
</TextLine>
<TextLine HEIGHT="49" WIDTH="1067" VPOS="2042" HPOS="2102">
<String CONTENT="Ancient" HEIGHT="44" WIDTH="239" VPOS="2042" HPOS="2102"/>
<SP HEIGHT="42" WIDTH="39" VPOS="2045" HPOS="2342"/>
<String CONTENT="rhetoric" HEIGHT="43" WIDTH="268" VPOS="2045" HPOS="2382"/>
<SP HEIGHT="31" WIDTH="37" VPOS="2057" HPOS="2651"/>
<String CONTENT="and" HEIGHT="41" WIDTH="102" VPOS="2048" HPOS="2689"/>
<SP HEIGHT="42" WIDTH="36" VPOS="2048" HPOS="2792"/>
<String CONTENT="the" HEIGHT="42" WIDTH="95" VPOS="2048" HPOS="2829"/>
<SP HEIGHT="32" WIDTH="38" VPOS="2058" HPOS="2925"/>
<String CONTENT="art" HEIGHT="42" WIDTH="100" VPOS="2048" HPOS="2964"/>
<SP HEIGHT="42" WIDTH="39" VPOS="2049" HPOS="3065"/>
<String CONTENT="of" HEIGHT="41" WIDTH="64" VPOS="2050" HPOS="3105"/>
</TextLine>
<TextLine HEIGHT="59" WIDTH="1032" VPOS="2103" HPOS="2173">
<String CONTENT="Tertullian." HEIGHT="44" WIDTH="367" VPOS="2103" HPOS="2173"/>
<SP HEIGHT="43" WIDTH="82" VPOS="2105" HPOS="2540"/>
<String CONTENT="See" HEIGHT="42" WIDTH="95" VPOS="2106" HPOS="2622"/>
<SP HEIGHT="42" WIDTH="43" VPOS="2106" HPOS="2717"/>
<String CONTENT="SIDER," HEIGHT="54" WIDTH="197" VPOS="2106" HPOS="2760"/>
<SP HEIGHT="53" WIDTH="41" VPOS="2108" HPOS="2957"/>
<String CONTENT="ROBERT" HEIGHT="43" WIDTH="207" VPOS="2109" HPOS="2998"/>
</TextLine>
<TextLine HEIGHT="42" WIDTH="160" VPOS="2165" HPOS="2173">
<String CONTENT="DICK." HEIGHT="42" WIDTH="160" VPOS="2165" HPOS="2173"/>
</TextLine>
<TextLine HEIGHT="67" WIDTH="1262" VPOS="2231" HPOS="2104">
<String CONTENT="Approach" HEIGHT="53" WIDTH="269" VPOS="2231" HPOS="2104"/>
<SP HEIGHT="39" WIDTH="40" VPOS="2237" HPOS="2374"/>
<String CONTENT="to" HEIGHT="39" WIDTH="64" VPOS="2237" HPOS="2415"/>
<SP HEIGHT="30" WIDTH="34" VPOS="2247" HPOS="2480"/>
<String CONTENT="music." HEIGHT="43" WIDTH="195" VPOS="2239" HPOS="2515"/>
<SP HEIGHT="41" WIDTH="82" VPOS="2242" HPOS="2711"/>
<String CONTENT="See" HEIGHT="40" WIDTH="96" VPOS="2243" HPOS="2794"/>
<SP HEIGHT="38" WIDTH="40" VPOS="2245" HPOS="2891"/>
<String CONTENT="SMITH," HEIGHT="52" WIDTH="193" VPOS="2245" HPOS="2932"/>
<SP HEIGHT="49" WIDTH="45" VPOS="2248" HPOS="3126"/>
<String CONTENT="EDWIN." HEIGHT="43" WIDTH="194" VPOS="2248" HPOS="3172"/>
</TextLine>
<TextLine HEIGHT="56" WIDTH="1068" VPOS="2311" HPOS="2110" CS="1">
<String CONTENT="Between" HEIGHT="42" WIDTH="241" VPOS="2311" HPOS="2110"/>
<SP HEIGHT="41" WIDTH="36" VPOS="2313" HPOS="2351"/>
<String CONTENT="two" HEIGHT="42" WIDTH="99" VPOS="2314" HPOS="2387"/>
<SP HEIGHT="33" WIDTH="38" VPOS="2324" HPOS="2486"/>
<String CONTENT="worlds." HEIGHT="45" WIDTH="228" VPOS="2315" HPOS="2524"/>
<SP HEIGHT="41" WIDTH="86" VPOS="2320" HPOS="2752"/>
<String CONTENT="See" HEIGHT="41" WIDTH="97" VPOS="2321" HPOS="2838"/>
<SP HEIGHT="39" WIDTH="36" VPOS="2323" HPOS="2935"/>
<String CS="1" CONTENT="WIENER," HEIGHT="44" WIDTH="207" VPOS="2323" HPOS="2971"/>
</TextLine>
<TextLine HEIGHT="47" WIDTH="297" VPOS="2371" HPOS="2178">
<String CONTENT="MARTIN" HEIGHT="44" WIDTH="208" VPOS="2371" HPOS="2178"/>
<SP HEIGHT="41" WIDTH="35" VPOS="2373" HPOS="2387"/>
<String CONTENT="J." HEIGHT="43" WIDTH="52" VPOS="2375" HPOS="2423"/>
</TextLine>
<TextLine HEIGHT="61" WIDTH="1129" VPOS="2443" HPOS="2120" STYLEREFS="StyleId-C7FB0806-7FEC-4F0B-864C-4C7DF5E17A64-">
<String CONTENT="Bonds" HEIGHT="43" WIDTH="167" VPOS="2443" HPOS="2120"/>
<SP HEIGHT="42" WIDTH="42" VPOS="2444" HPOS="2288"/>
<String CONTENT="between" HEIGHT="44" WIDTH="235" VPOS="2444" HPOS="2331"/>
<SP HEIGHT="33" WIDTH="37" VPOS="2455" HPOS="2567"/>
<String CONTENT="atoms." HEIGHT="44" WIDTH="195" VPOS="2447" HPOS="2605"/>
<SP HEIGHT="43" WIDTH="79" VPOS="2448" HPOS="2801"/>
<String CONTENT="See" HEIGHT="41" WIDTH="98" VPOS="2448" HPOS="2881"/>
<SP HEIGHT="41" WIDTH="39" VPOS="2449" HPOS="2980"/>
<String CONTENT="HOLDEN," HEIGHT="54" WIDTH="229" VPOS="2450" HPOS="3020"/>
</TextLine>
<TextLine HEIGHT="44" WIDTH="165" VPOS="2501" HPOS="2187" STYLEREFS="StyleId-C7FB0806-7FEC-4F0B-864C-4C7DF5E17A64-">
<String CONTENT="ALAN." HEIGHT="44" WIDTH="165" VPOS="2501" HPOS="2187"/>
</TextLine>
<TextLine HEIGHT="58" WIDTH="1099" VPOS="2575" HPOS="2097" CS="1">
<String CONTENT="British" HEIGHT="44" WIDTH="242" VPOS="2575" HPOS="2097"/>
<SP HEIGHT="42" WIDTH="36" VPOS="2577" HPOS="2340"/>
<String CONTENT="strategy" HEIGHT="52" WIDTH="268" VPOS="2578" HPOS="2377"/>
<SP HEIGHT="51" WIDTH="39" VPOS="2579" HPOS="2646"/>
<String CONTENT="in" HEIGHT="40" WIDTH="66" VPOS="2579" HPOS="2686"/>
<SP HEIGHT="42" WIDTH="34" VPOS="2578" HPOS="2753"/>
<String CONTENT="the" HEIGHT="41" WIDTH="95" VPOS="2579" HPOS="2788"/>
<SP HEIGHT="40" WIDTH="40" VPOS="2581" HPOS="2884"/>
<String CONTENT="Far" HEIGHT="41" WIDTH="100" VPOS="2581" HPOS="2925"/>
<SP HEIGHT="39" WIDTH="35" VPOS="2582" HPOS="3026"/>
<String CS="1" CONTENT="East," HEIGHT="41" WIDTH="134" VPOS="2581" HPOS="3062"/>
</TextLine>
<TextLine HEIGHT="58" WIDTH="1031" VPOS="2636" HPOS="2168">
<String CONTENT="1919-1939." HEIGHT="50" WIDTH="332" VPOS="2636" HPOS="2168"/>
<SP HEIGHT="41" WIDTH="79" VPOS="2638" HPOS="2501"/>
<String CONTENT="See" HEIGHT="40" WIDTH="96" VPOS="2639" HPOS="2581"/>
<SP HEIGHT="41" WIDTH="40" VPOS="2639" HPOS="2678"/>
<String CONTENT="LOUIS," HEIGHT="54" WIDTH="198" VPOS="2638" HPOS="2719"/>
<SP HEIGHT="53" WIDTH="38" VPOS="2639" HPOS="2918"/>
<String CONTENT="WILLIAM" HEIGHT="43" WIDTH="242" VPOS="2639" HPOS="2957"/>
</TextLine>
<TextLine HEIGHT="42" WIDTH="197" VPOS="2696" HPOS="2165">
<String CONTENT="ROGER." HEIGHT="42" WIDTH="197" VPOS="2696" HPOS="2165"/>
</TextLine>
<TextLine HEIGHT="67" WIDTH="1193" VPOS="2757" HPOS="2115">
<String CONTENT="Catastrophe" HEIGHT="55" WIDTH="374" VPOS="2757" HPOS="2115"/>
<SP HEIGHT="30" WIDTH="41" VPOS="2772" HPOS="2489"/>
<String CONTENT="survived." HEIGHT="43" WIDTH="293" VPOS="2763" HPOS="2531"/>
<SP HEIGHT="40" WIDTH="85" VPOS="2767" HPOS="2824"/>
<String CONTENT="See" HEIGHT="41" WIDTH="96" VPOS="2767" HPOS="2909"/>
<SP HEIGHT="39" WIDTH="38" VPOS="2768" HPOS="3005"/>
<String CONTENT="BURNETT," HEIGHT="56" WIDTH="265" VPOS="2768" HPOS="3043"/>
</TextLine>
<TextLine HEIGHT="46" WIDTH="399" VPOS="2818" HPOS="2182">
<String CONTENT="ANNE" HEIGHT="41" WIDTH="137" VPOS="2818" HPOS="2182"/>
<SP HEIGHT="39" WIDTH="34" VPOS="2820" HPOS="2320"/>
<String CONTENT="PIPPIN." HEIGHT="43" WIDTH="226" VPOS="2821" HPOS="2355"/>
</TextLine>
<TextLine HEIGHT="65" WIDTH="1199" VPOS="2880" HPOS="2119">
<String CONTENT="English" HEIGHT="53" WIDTH="240" VPOS="2887" HPOS="2119"/>
<SP HEIGHT="41" WIDTH="35" VPOS="2890" HPOS="2360"/>
<String CONTENT="Court" HEIGHT="40" WIDTH="166" VPOS="2891" HPOS="2396"/>
<SP HEIGHT="40" WIDTH="39" VPOS="2892" HPOS="2563"/>
<String CONTENT="odes," HEIGHT="51" WIDTH="161" VPOS="2891" HPOS="2603"/>
<SP HEIGHT="50" WIDTH="45" VPOS="2893" HPOS="2765"/>
<String CONTENT="1660-1820." HEIGHT="53" WIDTH="330" VPOS="2884" HPOS="2811"/>
<SP HEIGHT="41" WIDTH="80" VPOS="2897" HPOS="3142"/>
<String CONTENT="See" HEIGHT="40" WIDTH="95" VPOS="2898" HPOS="3223"/>
</TextLine>
<TextLine HEIGHT="55" WIDTH="716" VPOS="2946" HPOS="2185">
<String CONTENT="MCGUINNESS," HEIGHT="53" WIDTH="373" VPOS="2946" HPOS="2185"/>
<SP HEIGHT="50" WIDTH="42" VPOS="2950" HPOS="2558"/>
<String CONTENT="ROSAMOND." HEIGHT="42" WIDTH="301" VPOS="2950" HPOS="2600"/>
</TextLine>
<TextLine HEIGHT="64" WIDTH="1235" VPOS="3023" HPOS="2093">
<String CONTENT="German" HEIGHT="44" WIDTH="206" VPOS="3025" HPOS="2093"/>
<SP HEIGHT="31" WIDTH="32" VPOS="3037" HPOS="2300"/>
<String CONTENT="missions" HEIGHT="43" WIDTH="272" VPOS="3028" HPOS="2333"/>
<SP HEIGHT="40" WIDTH="41" VPOS="3031" HPOS="2606"/>
<String CONTENT="in" HEIGHT="40" WIDTH="64" VPOS="3031" HPOS="2648"/>
<SP HEIGHT="39" WIDTH="35" VPOS="3034" HPOS="2713"/>
<String CONTENT="Tanganyika," HEIGHT="53" WIDTH="368" VPOS="3033" HPOS="2749"/>
<SP HEIGHT="48" WIDTH="45" VPOS="3038" HPOS="3118"/>
<String CONTENT="1891-" HEIGHT="58" WIDTH="164" VPOS="3028" HPOS="3164"/>
</TextLine>
<TextLine HEIGHT="59" WIDTH="1234" VPOS="3079" HPOS="2165">
<String CONTENT="1941:" HEIGHT="53" WIDTH="159" VPOS="3079" HPOS="2165"/>
<SP HEIGHT="42" WIDTH="45" VPOS="3085" HPOS="2325"/>
<String CONTENT="Lutherans" HEIGHT="43" WIDTH="303" VPOS="3086" HPOS="2371"/>
<SP HEIGHT="32" WIDTH="40" VPOS="3098" HPOS="2675"/>
<String CONTENT="and" HEIGHT="42" WIDTH="95" VPOS="3089" HPOS="2716"/>
<SP HEIGHT="41" WIDTH="38" VPOS="3090" HPOS="2812"/>
<String CONTENT="Moravians" HEIGHT="42" WIDTH="305" VPOS="3091" HPOS="2851"/>
<SP HEIGHT="40" WIDTH="41" VPOS="3094" HPOS="3157"/>
<String CONTENT="in" HEIGHT="40" WIDTH="63" VPOS="3095" HPOS="3199"/>
<SP HEIGHT="41" WIDTH="37" VPOS="3095" HPOS="3263"/>
<String CONTENT="the" HEIGHT="43" WIDTH="98" VPOS="3095" HPOS="3301"/>
</TextLine>
<TextLine HEIGHT="63" WIDTH="1089" VPOS="3143" HPOS="2165">
<String CONTENT="southern" HEIGHT="43" WIDTH="270" VPOS="3143" HPOS="2166"/>
<SP HEIGHT="40" WIDTH="33" VPOS="3145" HPOS="2437"/>
<String CONTENT="highlands." HEIGHT="53" WIDTH="336" VPOS="3145" HPOS="2470"/>
<SP HEIGHT="42" WIDTH="81" VPOS="3149" HPOS="2806"/>
<String CONTENT="See" HEIGHT="43" WIDTH="98" VPOS="3149" HPOS="2887"/>
<SP HEIGHT="41" WIDTH="36" VPOS="3151" HPOS="2985"/>
<String CONTENT="WRIGHT," HEIGHT="55" WIDTH="233" VPOS="3151" HPOS="3021"/>
</TextLine>
<TextLine HEIGHT="44" WIDTH="232" VPOS="3202" HPOS="2160">
<String CONTENT="MARCIA." HEIGHT="44" WIDTH="232" VPOS="3202" HPOS="2160"/>
</TextLine>
<TextLine HEIGHT="49" WIDTH="1169" VPOS="3269" HPOS="2101">
<String CONTENT="Handbook" HEIGHT="42" WIDTH="274" VPOS="3269" HPOS="2101"/>
<SP HEIGHT="38" WIDTH="36" VPOS="3272" HPOS="2376"/>
<String CONTENT="of" HEIGHT="40" WIDTH="64" VPOS="3271" HPOS="2413"/>
<SP HEIGHT="40" WIDTH="39" VPOS="3271" HPOS="2478"/>
<String CONTENT="the" HEIGHT="40" WIDTH="96" VPOS="3272" HPOS="2518"/>
<SP HEIGHT="39" WIDTH="36" VPOS="3274" HPOS="2615"/>
<String CONTENT="birds" HEIGHT="41" WIDTH="166" VPOS="3273" HPOS="2652"/>
<SP HEIGHT="30" WIDTH="43" VPOS="3284" HPOS="2819"/>
<String CONTENT="of" HEIGHT="39" WIDTH="63" VPOS="3275" HPOS="2863"/>
<SP HEIGHT="39" WIDTH="38" VPOS="3275" HPOS="2927"/>
<String CONTENT="India" HEIGHT="41" WIDTH="164" VPOS="3276" HPOS="2966"/>
<SP HEIGHT="30" WIDTH="37" VPOS="3287" HPOS="3131"/>
<String CONTENT="and" HEIGHT="39" WIDTH="101" VPOS="3279" HPOS="3169"/>
</TextLine>
<TextLine HEIGHT="56" WIDTH="1100" VPOS="3326" HPOS="2170" CS="1">
<String CS="1" CONTENT="Pakistan," HEIGHT="42" WIDTH="273" VPOS="3326" HPOS="2170"/>
<SP HEIGHT="49" WIDTH="49" VPOS="3329" HPOS="2468"/>
<String CONTENT="together" HEIGHT="51" WIDTH="270" VPOS="3329" HPOS="2518"/>
<SP HEIGHT="29" WIDTH="32" VPOS="3342" HPOS="2789"/>
<String CONTENT="with" HEIGHT="40" WIDTH="138" VPOS="3332" HPOS="2822"/>
<SP HEIGHT="41" WIDTH="38" VPOS="3332" HPOS="2961"/>
<String CONTENT="those" HEIGHT="41" WIDTH="163" VPOS="3333" HPOS="3000"/>
<SP HEIGHT="32" WIDTH="40" VPOS="3343" HPOS="3164"/>
<String CONTENT="of" HEIGHT="40" WIDTH="65" VPOS="3335" HPOS="3205"/>
</TextLine>
<TextLine HEIGHT="59" WIDTH="1160" VPOS="3383" HPOS="2169" CS="1">
<String CS="1" CONTENT="Nepal," HEIGHT="51" WIDTH="170" VPOS="3383" HPOS="2169"/>
<SP HEIGHT="49" WIDTH="47" VPOS="3386" HPOS="2366"/>
<String CS="1" CONTENT="Sikkim," HEIGHT="42" WIDTH="205" VPOS="3385" HPOS="2413"/>
<SP HEIGHT="49" WIDTH="45" VPOS="3388" HPOS="2641"/>
<String CS="1" CONTENT="Bhutan," HEIGHT="43" WIDTH="205" VPOS="3386" HPOS="2686"/>
<SP HEIGHT="39" WIDTH="47" VPOS="3401" HPOS="2916"/>
<String CONTENT="and" HEIGHT="41" WIDTH="100" VPOS="3390" HPOS="2964"/>
<SP HEIGHT="40" WIDTH="38" VPOS="3391" HPOS="3064"/>
<String CONTENT="Ceylon." HEIGHT="51" WIDTH="227" VPOS="3391" HPOS="3102"/>
</TextLine>
<TextLine HEIGHT="53" WIDTH="502" VPOS="3442" HPOS="2170" CS="1">
<String CONTENT="See" HEIGHT="40" WIDTH="98" VPOS="3442" HPOS="2170"/>
<SP HEIGHT="39" WIDTH="35" VPOS="3443" HPOS="2269"/>
<String CS="1" CONTENT="ALI," HEIGHT="41" WIDTH="102" VPOS="3442" HPOS="2305"/>
<SP HEIGHT="50" WIDTH="44" VPOS="3444" HPOS="2434"/>
<String CONTENT="SALIM." HEIGHT="44" WIDTH="193" VPOS="3444" HPOS="2479"/>
</TextLine>
<TextLine HEIGHT="58" WIDTH="1131" VPOS="3523" HPOS="2110">
<String CONTENT="Hero" HEIGHT="41" WIDTH="134" VPOS="3525" HPOS="2110"/>
<SP HEIGHT="41" WIDTH="33" VPOS="3524" HPOS="2245"/>
<String CONTENT="&amp;" HEIGHT="41" WIDTH="33" VPOS="3524" HPOS="2279"/>
<SP HEIGHT="42" WIDTH="39" VPOS="3524" HPOS="2313"/>
<String CONTENT="saint:" HEIGHT="42" WIDTH="192" VPOS="3526" HPOS="2353"/>
<SP HEIGHT="42" WIDTH="46" VPOS="3527" HPOS="2546"/>
<String CONTENT="Shakespeare" HEIGHT="51" WIDTH="372" VPOS="3528" HPOS="2593"/>
<SP HEIGHT="31" WIDTH="41" VPOS="3540" HPOS="2966"/>
<String CONTENT="and" HEIGHT="39" WIDTH="98" VPOS="3533" HPOS="3008"/>
<SP HEIGHT="39" WIDTH="39" VPOS="3533" HPOS="3107"/>
<String CONTENT="the" HEIGHT="41" WIDTH="94" VPOS="3532" HPOS="3147"/>
</TextLine>
<TextLine HEIGHT="49" WIDTH="1021" VPOS="3584" HPOS="2179">
<String CONTENT="Graeco-Roman" HEIGHT="43" WIDTH="409" VPOS="3584" HPOS="2179"/>
<SP HEIGHT="40" WIDTH="37" VPOS="3587" HPOS="2588"/>
<String CONTENT="heroic" HEIGHT="42" WIDTH="203" VPOS="3587" HPOS="2625"/>
<SP HEIGHT="40" WIDTH="42" VPOS="3589" HPOS="2828"/>
<String CONTENT="tradition." HEIGHT="44" WIDTH="330" VPOS="3589" HPOS="2870"/>
</TextLine>
<TextLine HEIGHT="57" WIDTH="716" VPOS="3642" HPOS="2177">
<String CONTENT="See" HEIGHT="41" WIDTH="98" VPOS="3642" HPOS="2177"/>
<SP HEIGHT="37" WIDTH="37" VPOS="3646" HPOS="2276"/>
<String CONTENT="BROWER," HEIGHT="52" WIDTH="233" VPOS="3645" HPOS="2314"/>
<SP HEIGHT="52" WIDTH="41" VPOS="3646" HPOS="2548"/>
<String CONTENT="REUBEN" HEIGHT="40" WIDTH="204" VPOS="3647" HPOS="2590"/>
<SP HEIGHT="39" WIDTH="36" VPOS="3648" HPOS="2795"/>
<String CONTENT="A." HEIGHT="41" WIDTH="61" VPOS="3648" HPOS="2832"/>
</TextLine>
<TextLine HEIGHT="58" WIDTH="1167" VPOS="3729" HPOS="2120">
<String CONTENT="Heroic" HEIGHT="40" WIDTH="200" VPOS="3730" HPOS="2120"/>
<SP HEIGHT="40" WIDTH="39" VPOS="3741" HPOS="2321"/>
<String CONTENT="poetry" HEIGHT="53" WIDTH="204" VPOS="3731" HPOS="2361"/>
<SP HEIGHT="41" WIDTH="39" VPOS="3743" HPOS="2566"/>
<String CONTENT="of" HEIGHT="38" WIDTH="63" VPOS="3736" HPOS="2606"/>
<SP HEIGHT="41" WIDTH="36" VPOS="3734" HPOS="2670"/>
<String CONTENT="the" HEIGHT="42" WIDTH="98" VPOS="3734" HPOS="2707"/>
<SP HEIGHT="38" WIDTH="35" VPOS="3739" HPOS="2806"/>
<String CONTENT="Basotho." HEIGHT="41" WIDTH="262" VPOS="3738" HPOS="2842"/>
<SP HEIGHT="40" WIDTH="84" VPOS="3741" HPOS="3105"/>
<String CONTENT="See" HEIGHT="39" WIDTH="97" VPOS="3742" HPOS="3190"/>
</TextLine>
<TextLine HEIGHT="55" WIDTH="575" VPOS="3788" HPOS="2187">
<String CONTENT="KUNENE," HEIGHT="54" WIDTH="231" VPOS="3788" HPOS="2187"/>
<SP HEIGHT="50" WIDTH="46" VPOS="3792" HPOS="2418"/>
<String CONTENT="DANIEL" HEIGHT="42" WIDTH="205" VPOS="3792" HPOS="2464"/>
<SP HEIGHT="40" WIDTH="37" VPOS="3794" HPOS="2669"/>
<String CONTENT="P." HEIGHT="42" WIDTH="56" VPOS="3794" HPOS="2706"/>
</TextLine>
<TextLine HEIGHT="62" WIDTH="1269" VPOS="3859" HPOS="2109">
<String CONTENT="Introduction" HEIGHT="46" WIDTH="408" VPOS="3867" HPOS="2109"/>
<SP HEIGHT="40" WIDTH="36" VPOS="3868" HPOS="2518"/>
<String CONTENT="to" HEIGHT="41" WIDTH="62" VPOS="3868" HPOS="2555"/>
<SP HEIGHT="41" WIDTH="35" VPOS="3877" HPOS="2618"/>
<String CONTENT="phase" HEIGHT="51" WIDTH="169" VPOS="3868" HPOS="2654"/>
<SP HEIGHT="41" WIDTH="41" VPOS="3867" HPOS="2824"/>
<String CONTENT="transitions" HEIGHT="45" WIDTH="369" VPOS="3865" HPOS="2866"/>
<SP HEIGHT="31" WIDTH="40" VPOS="3874" HPOS="3236"/>
<String CONTENT="and" HEIGHT="40" WIDTH="101" VPOS="3865" HPOS="3277"/>
</TextLine>
<TextLine HEIGHT="62" WIDTH="1123" VPOS="3920" HPOS="2176">
<String CONTENT="critical" HEIGHT="42" WIDTH="270" VPOS="3928" HPOS="2176"/>
<SP HEIGHT="49" WIDTH="34" VPOS="3929" HPOS="2447"/>
<String CONTENT="phenomena." HEIGHT="52" WIDTH="333" VPOS="3928" HPOS="2482"/>
<SP HEIGHT="40" WIDTH="82" VPOS="3926" HPOS="2816"/>
<String CONTENT="See" HEIGHT="40" WIDTH="96" VPOS="3926" HPOS="2899"/>
<SP HEIGHT="39" WIDTH="39" VPOS="3926" HPOS="2996"/>
<String CONTENT="STANLEY," HEIGHT="53" WIDTH="263" VPOS="3924" HPOS="3036"/>
</TextLine>
<TextLine HEIGHT="37" WIDTH="333" VPOS="3986" HPOS="2172" STYLEREFS="StyleId-863C49A1-AEFA-445F-BA9D-35193BD9D00B-">
<String CONTENT="H." HEIGHT="34" WIDTH="56" VPOS="3988" HPOS="2172"/>
<SP HEIGHT="34" WIDTH="47" VPOS="3988" HPOS="2228"/>
<String CONTENT="EUGENE." HEIGHT="36" WIDTH="229" VPOS="3986" HPOS="2276"/>
</TextLine>
<TextLine HEIGHT="48" WIDTH="1099" VPOS="4048" HPOS="2082">
<String CONTENT="Land" HEIGHT="43" WIDTH="132" VPOS="4049" HPOS="2082"/>
<SP HEIGHT="40" WIDTH="44" VPOS="4049" HPOS="2215"/>
<String CONTENT="tenure" HEIGHT="42" WIDTH="198" VPOS="4049" HPOS="2260"/>
<SP HEIGHT="39" WIDTH="40" VPOS="4051" HPOS="2459"/>
<String CONTENT="in" HEIGHT="41" WIDTH="62" VPOS="4051" HPOS="2500"/>
<SP HEIGHT="41" WIDTH="40" VPOS="4051" HPOS="2563"/>
<String CONTENT="the" HEIGHT="40" WIDTH="93" VPOS="4051" HPOS="2604"/>
<SP HEIGHT="39" WIDTH="41" VPOS="4053" HPOS="2698"/>
<String CONTENT="Pacific." HEIGHT="43" WIDTH="262" VPOS="4051" HPOS="2740"/>
<SP HEIGHT="41" WIDTH="81" VPOS="4053" HPOS="3003"/>
<String CONTENT="See" HEIGHT="41" WIDTH="96" VPOS="4053" HPOS="3085"/>
</TextLine>
<TextLine HEIGHT="56" WIDTH="606" VPOS="4107" HPOS="2154">
<String CONTENT="CROCOMBE," HEIGHT="53" WIDTH="297" VPOS="4108" HPOS="2154"/>
<SP HEIGHT="52" WIDTH="44" VPOS="4109" HPOS="2452"/>
<String CONTENT="RON," HEIGHT="54" WIDTH="126" VPOS="4109" HPOS="2497"/>
<SP HEIGHT="46" WIDTH="46" VPOS="4117" HPOS="2624"/>
<String CONTENT="ed." HEIGHT="40" WIDTH="89" VPOS="4109" HPOS="2671"/>
</TextLine>
<TextLine HEIGHT="60" WIDTH="1267" VPOS="4179" HPOS="2082">
<String CONTENT="Law" HEIGHT="40" WIDTH="102" VPOS="4187" HPOS="2083"/>
<SP HEIGHT="32" WIDTH="37" VPOS="4194" HPOS="2186"/>
<String CONTENT="and" HEIGHT="40" WIDTH="98" VPOS="4186" HPOS="2224"/>
<SP HEIGHT="41" WIDTH="38" VPOS="4186" HPOS="2323"/>
<String CONTENT="explanation." HEIGHT="53" WIDTH="401" VPOS="4183" HPOS="2361"/>
<SP HEIGHT="46" WIDTH="81" VPOS="4184" HPOS="2763"/>
<String CONTENT="See" HEIGHT="40" WIDTH="95" VPOS="4185" HPOS="2845"/>
<SP HEIGHT="42" WIDTH="39" VPOS="4184" HPOS="2941"/>
<String CONTENT="ACHINSTEIN," HEIGHT="54" WIDTH="369" VPOS="4184" HPOS="2980"/>
</TextLine>
<TextLine HEIGHT="43" WIDTH="196" VPOS="4244" HPOS="2153">
<String CONTENT="PETER." HEIGHT="43" WIDTH="196" VPOS="4244" HPOS="2153"/>
</TextLine>
<TextLine HEIGHT="58" WIDTH="1135" VPOS="4295" HPOS="2113">
<String CONTENT="The" HEIGHT="41" WIDTH="99" VPOS="4306" HPOS="2113"/>
<SP HEIGHT="39" WIDTH="41" VPOS="4307" HPOS="2213"/>
<String CONTENT="life" HEIGHT="40" WIDTH="128" VPOS="4307" HPOS="2255"/>
<SP HEIGHT="29" WIDTH="43" VPOS="4315" HPOS="2384"/>
<String CONTENT="of" HEIGHT="38" WIDTH="63" VPOS="4306" HPOS="2428"/>
<SP HEIGHT="39" WIDTH="35" VPOS="4306" HPOS="2492"/>
<String CONTENT="Fulke" HEIGHT="43" WIDTH="167" VPOS="4303" HPOS="2528"/>
<SP HEIGHT="39" WIDTH="39" VPOS="4305" HPOS="2696"/>
<String CONTENT="Greville," HEIGHT="50" WIDTH="298" VPOS="4302" HPOS="2736"/>
<SP HEIGHT="49" WIDTH="46" VPOS="4303" HPOS="3035"/>
<String CONTENT="first" HEIGHT="43" WIDTH="166" VPOS="4300" HPOS="3082"/>
</TextLine>
<TextLine HEIGHT="51" WIDTH="858" VPOS="4357" HPOS="2184" CS="1">
<String CONTENT="Lord" HEIGHT="40" WIDTH="131" VPOS="4364" HPOS="2184"/>
<SP HEIGHT="40" WIDTH="41" VPOS="4364" HPOS="2316"/>
<String CONTENT="Brooke." HEIGHT="42" WIDTH="228" VPOS="4362" HPOS="2358"/>
<SP HEIGHT="43" WIDTH="81" VPOS="4361" HPOS="2587"/>
<String CONTENT="See" HEIGHT="40" WIDTH="95" VPOS="4361" HPOS="2669"/>
<SP HEIGHT="39" WIDTH="40" VPOS="4363" HPOS="2765"/>
<String CS="1" CONTENT="REBHOLZ," HEIGHT="43" WIDTH="236" VPOS="4360" HPOS="2806"/>
</TextLine>
<TextLine HEIGHT="44" WIDTH="298" VPOS="4419" HPOS="2185">
<String CONTENT="RONALD" HEIGHT="43" WIDTH="206" VPOS="4420" HPOS="2185"/>
<SP HEIGHT="40" WIDTH="34" VPOS="4420" HPOS="2391"/>
<String CONTENT="A." HEIGHT="43" WIDTH="58" VPOS="4420" HPOS="2425"/>
</TextLine>
<TextLine HEIGHT="57" WIDTH="1230" VPOS="4480" HPOS="2087">
<String CONTENT="The" HEIGHT="41" WIDTH="97" VPOS="4482" HPOS="2087"/>
<SP HEIGHT="39" WIDTH="39" VPOS="4484" HPOS="2185"/>
<String CONTENT="literary" HEIGHT="50" WIDTH="269" VPOS="4483" HPOS="2225"/>
<SP HEIGHT="41" WIDTH="34" VPOS="4492" HPOS="2495"/>
<String CONTENT="works" HEIGHT="40" WIDTH="172" VPOS="4484" HPOS="2530"/>
<SP HEIGHT="29" WIDTH="39" VPOS="4495" HPOS="2703"/>
<String CONTENT="of" HEIGHT="42" WIDTH="66" VPOS="4483" HPOS="2743"/>
<SP HEIGHT="41" WIDTH="32" VPOS="4484" HPOS="2810"/>
<String CONTENT="Matthew" HEIGHT="42" WIDTH="242" VPOS="4485" HPOS="2843"/>
<SP HEIGHT="38" WIDTH="34" VPOS="4487" HPOS="3086"/>
<String CONTENT="Prior." HEIGHT="43" WIDTH="196" VPOS="4486" HPOS="3121"/>
</TextLine>
<TextLine HEIGHT="55" WIDTH="645" VPOS="4539" HPOS="2155">
<String CONTENT="See" HEIGHT="40" WIDTH="99" VPOS="4539" HPOS="2155"/>
<SP HEIGHT="39" WIDTH="37" VPOS="4541" HPOS="2255"/>
<String CONTENT="PRIOR," HEIGHT="52" WIDTH="197" VPOS="4540" HPOS="2293"/>
<SP HEIGHT="50" WIDTH="41" VPOS="4542" HPOS="2491"/>
<String CONTENT="MATTHEW." HEIGHT="43" WIDTH="267" VPOS="4540" HPOS="2533"/>
</TextLine>
<TextLine HEIGHT="65" WIDTH="1127" VPOS="4611" HPOS="2104">
<String CONTENT="The" HEIGHT="42" WIDTH="99" VPOS="4611" HPOS="2104"/>
<SP HEIGHT="30" WIDTH="40" VPOS="4622" HPOS="2203"/>
<String CONTENT="nature" HEIGHT="40" WIDTH="201" VPOS="4613" HPOS="2243"/>
<SP HEIGHT="30" WIDTH="41" VPOS="4625" HPOS="2444"/>
<String CONTENT="of" HEIGHT="39" WIDTH="66" VPOS="4616" HPOS="2485"/>
<SP HEIGHT="39" WIDTH="36" VPOS="4616" HPOS="2551"/>
<String CONTENT="atoms." HEIGHT="40" WIDTH="193" VPOS="4618" HPOS="2587"/>
<SP HEIGHT="39" WIDTH="84" VPOS="4621" HPOS="2780"/>
<String CONTENT="See" HEIGHT="39" WIDTH="98" VPOS="4621" HPOS="2864"/>
<SP HEIGHT="39" WIDTH="38" VPOS="4623" HPOS="2962"/>
<String CONTENT="HOLDEN," HEIGHT="53" WIDTH="231" VPOS="4623" HPOS="3000"/>
</TextLine>
<TextLine HEIGHT="41" WIDTH="159" VPOS="4673" HPOS="2172">
<String CONTENT="ALAN." HEIGHT="41" WIDTH="159" VPOS="4673" HPOS="2172"/>
</TextLine>
<TextLine HEIGHT="58" WIDTH="1195" VPOS="4732" HPOS="2106">
<String CONTENT="The" HEIGHT="41" WIDTH="97" VPOS="4736" HPOS="2106"/>
<SP HEIGHT="40" WIDTH="43" VPOS="4736" HPOS="2204"/>
<String CONTENT="Oxford" HEIGHT="41" WIDTH="197" VPOS="4736" HPOS="2248"/>
<SP HEIGHT="37" WIDTH="38" VPOS="4738" HPOS="2446"/>
<String CONTENT="history" HEIGHT="51" WIDTH="241" VPOS="4736" HPOS="2485"/>
<SP HEIGHT="42" WIDTH="37" VPOS="4746" HPOS="2727"/>
<String CONTENT="of" HEIGHT="37" WIDTH="62" VPOS="4739" HPOS="2765"/>
<SP HEIGHT="38" WIDTH="39" VPOS="4738" HPOS="2828"/>
<String CONTENT="South" HEIGHT="41" WIDTH="166" VPOS="4737" HPOS="2868"/>
<SP HEIGHT="40" WIDTH="37" VPOS="4738" HPOS="3035"/>
<String CONTENT="Africa." HEIGHT="42" WIDTH="228" VPOS="4737" HPOS="3073"/>
</TextLine>
<TextLine HEIGHT="54" WIDTH="640" VPOS="4792" HPOS="2179" CS="1">
<String CONTENT="See" HEIGHT="40" WIDTH="95" VPOS="4795" HPOS="2179"/>
<SP HEIGHT="40" WIDTH="38" VPOS="4795" HPOS="2275"/>
<String CS="1" CONTENT="WILSON," HEIGHT="41" WIDTH="206" VPOS="4794" HPOS="2314"/>
<SP HEIGHT="50" WIDTH="43" VPOS="4795" HPOS="2546"/>
<String CONTENT="MONICA." HEIGHT="44" WIDTH="229" VPOS="4794" HPOS="2590"/>
</TextLine>
<TextLine HEIGHT="61" WIDTH="1130" VPOS="4869" HPOS="2092" STYLEREFS="StyleId-C7FB0806-7FEC-4F0B-864C-4C7DF5E17A64-">
<String CONTENT="The" HEIGHT="46" WIDTH="96" VPOS="4871" HPOS="2092"/>
<SP HEIGHT="42" WIDTH="40" VPOS="4883" HPOS="2189"/>
<String CONTENT="plays" HEIGHT="53" WIDTH="165" VPOS="4873" HPOS="2230"/>
<SP HEIGHT="34" WIDTH="41" VPOS="4883" HPOS="2396"/>
<String CONTENT="of" HEIGHT="44" WIDTH="64" VPOS="4873" HPOS="2438"/>
<SP HEIGHT="43" WIDTH="35" VPOS="4873" HPOS="2503"/>
<String CONTENT="Richard" HEIGHT="46" WIDTH="240" VPOS="4872" HPOS="2539"/>
<SP HEIGHT="43" WIDTH="36" VPOS="4874" HPOS="2780"/>
<String CONTENT="Steele." HEIGHT="45" WIDTH="229" VPOS="4874" HPOS="2817"/>
<SP HEIGHT="44" WIDTH="79" VPOS="4874" HPOS="3047"/>
<String CONTENT="See" HEIGHT="44" WIDTH="95" VPOS="4874" HPOS="3127"/>
</TextLine>
<TextLine HEIGHT="58" WIDTH="678" VPOS="4932" HPOS="2161" STYLEREFS="StyleId-C7FB0806-7FEC-4F0B-864C-4C7DF5E17A64-" CS="1">
<String CS="1" CONTENT="STEELE," HEIGHT="44" WIDTH="203" VPOS="4933" HPOS="2161"/>
<SP HEIGHT="54" WIDTH="42" VPOS="4934" HPOS="2396"/>
<String CONTENT="SIR" HEIGHT="42" WIDTH="99" VPOS="4934" HPOS="2439"/>
<SP HEIGHT="42" WIDTH="34" VPOS="4935" HPOS="2539"/>
<String CONTENT="RICHARD." HEIGHT="44" WIDTH="265" VPOS="4934" HPOS="2574"/>
</TextLine>
<TextLine HEIGHT="59" WIDTH="1195" VPOS="5003" HPOS="2096">
<String CONTENT="The" HEIGHT="42" WIDTH="99" VPOS="5008" HPOS="2096"/>
<SP HEIGHT="39" WIDTH="40" VPOS="5018" HPOS="2196"/>
<String CONTENT="poems" HEIGHT="41" WIDTH="167" VPOS="5017" HPOS="2237"/>
<SP HEIGHT="30" WIDTH="39" VPOS="5018" HPOS="2405"/>
<String CONTENT="of" HEIGHT="40" WIDTH="64" VPOS="5008" HPOS="2445"/>
<SP HEIGHT="42" WIDTH="37" VPOS="5008" HPOS="2510"/>
<String CONTENT="Gerard" HEIGHT="42" WIDTH="200" VPOS="5009" HPOS="2548"/>
<SP HEIGHT="40" WIDTH="32" VPOS="5010" HPOS="2749"/>
<String CONTENT="Manley" HEIGHT="50" WIDTH="205" VPOS="5009" HPOS="2782"/>
<SP HEIGHT="48" WIDTH="40" VPOS="5011" HPOS="2988"/>
<String CONTENT="Hopkins." HEIGHT="50" WIDTH="262" VPOS="5008" HPOS="3029"/>
</TextLine>
<TextLine HEIGHT="54" WIDTH="917" VPOS="5065" HPOS="2170">
<String CONTENT="See" HEIGHT="39" WIDTH="93" VPOS="5069" HPOS="2170"/>
<SP HEIGHT="37" WIDTH="40" VPOS="5069" HPOS="2264"/>
<String CONTENT="HOPKINS," HEIGHT="51" WIDTH="262" VPOS="5066" HPOS="2305"/>
<SP HEIGHT="49" WIDTH="46" VPOS="5068" HPOS="2568"/>
<String CONTENT="GERARD" HEIGHT="41" WIDTH="205" VPOS="5068" HPOS="2615"/>
<SP HEIGHT="39" WIDTH="30" VPOS="5069" HPOS="2821"/>
<String CONTENT="MANLEY." HEIGHT="43" WIDTH="235" VPOS="5068" HPOS="2852"/>
</TextLine>
<TextLine HEIGHT="118" WIDTH="1198" VPOS="5139" HPOS="2087" CS="1">
<String CONTENT="The" HEIGHT="42" WIDTH="98" VPOS="5142" HPOS="2087"/>
<SP HEIGHT="39" WIDTH="39" VPOS="5144" HPOS="2186"/>
<String CONTENT="Russian" HEIGHT="43" WIDTH="238" VPOS="5142" HPOS="2226"/>
<SP HEIGHT="39" WIDTH="38" VPOS="5144" HPOS="2465"/>
<String CONTENT="Orthodox" HEIGHT="43" WIDTH="273" VPOS="5142" HPOS="2504"/>
<SP HEIGHT="40" WIDTH="33" VPOS="5144" HPOS="2778"/>
<String CONTENT="Church" HEIGHT="42" WIDTH="204" VPOS="5143" HPOS="2812"/>
<SP HEIGHT="39" WIDTH="35" VPOS="5144" HPOS="3017"/>
<String CONTENT="underground," HEIGHT="117" WIDTH="1066" VPOS="5140" HPOS="2157"/>
<SP HEIGHT="52" WIDTH="44" VPOS="5201" HPOS="2388"/>
<String CONTENT="1917-1970." HEIGHT="52" WIDTH="332" VPOS="5200" HPOS="2433"/>
<SP HEIGHT="38" WIDTH="83" VPOS="5203" HPOS="2766"/>
<String CONTENT="See" HEIGHT="38" WIDTH="96" VPOS="5203" HPOS="2850"/>
<SP HEIGHT="39" WIDTH="36" VPOS="5203" HPOS="2947"/>
<String CONTENT="FLETCHER," HEIGHT="53" WIDTH="301" VPOS="5203" HPOS="2984"/>
</TextLine>
<TextLine HEIGHT="43" WIDTH="335" VPOS="5260" HPOS="2156">
<String CONTENT="WILLIAM" HEIGHT="41" WIDTH="242" VPOS="5260" HPOS="2156"/>
<SP HEIGHT="39" WIDTH="35" VPOS="5261" HPOS="2398"/>
<String CONTENT="C." HEIGHT="42" WIDTH="58" VPOS="5261" HPOS="2433"/>
</TextLine>
<TextLine HEIGHT="61" WIDTH="1164" VPOS="5329" HPOS="2092">
<String CONTENT="Sakhalin:" HEIGHT="46" WIDTH="297" VPOS="5329" HPOS="2092"/>
<SP HEIGHT="32" WIDTH="46" VPOS="5343" HPOS="2390"/>
<String CONTENT="a" HEIGHT="32" WIDTH="32" VPOS="5343" HPOS="2437"/>
<SP HEIGHT="41" WIDTH="37" VPOS="5334" HPOS="2470"/>
<String CONTENT="history." HEIGHT="54" WIDTH="262" VPOS="5333" HPOS="2508"/>
<SP HEIGHT="40" WIDTH="80" VPOS="5337" HPOS="2771"/>
<String CONTENT="See" HEIGHT="40" WIDTH="94" VPOS="5337" HPOS="2852"/>
<SP HEIGHT="41" WIDTH="41" VPOS="5337" HPOS="2947"/>
<String CONTENT="STEPHAN," HEIGHT="52" WIDTH="267" VPOS="5338" HPOS="2989"/>
</TextLine>
<TextLine HEIGHT="43" WIDTH="228" VPOS="5391" HPOS="2163">
<String CONTENT="JOHN" HEIGHT="41" WIDTH="134" VPOS="5391" HPOS="2163"/>
<SP HEIGHT="40" WIDTH="38" VPOS="5392" HPOS="2298"/>
<String CONTENT="J." HEIGHT="42" WIDTH="54" VPOS="5392" HPOS="2337"/>
</TextLine>
<TextLine HEIGHT="59" WIDTH="1197" VPOS="5449" HPOS="2092">
<String CONTENT="Shakespeare" HEIGHT="54" WIDTH="371" VPOS="5450" HPOS="2092"/>
<SP HEIGHT="32" WIDTH="43" VPOS="5462" HPOS="2463"/>
<String CONTENT="and" HEIGHT="43" WIDTH="101" VPOS="5452" HPOS="2506"/>
<SP HEIGHT="42" WIDTH="36" VPOS="5453" HPOS="2607"/>
<String CONTENT="the" HEIGHT="42" WIDTH="96" VPOS="5453" HPOS="2643"/>
<SP HEIGHT="32" WIDTH="42" VPOS="5463" HPOS="2739"/>
<String CONTENT="nature" HEIGHT="43" WIDTH="199" VPOS="5453" HPOS="2781"/>
<SP HEIGHT="31" WIDTH="44" VPOS="5464" HPOS="2980"/>
<String CONTENT="of" HEIGHT="40" WIDTH="63" VPOS="5455" HPOS="3024"/>
<SP HEIGHT="41" WIDTH="39" VPOS="5454" HPOS="3087"/>
<String CONTENT="time." HEIGHT="42" WIDTH="163" VPOS="5454" HPOS="3126"/>
</TextLine>
<TextLine HEIGHT="56" WIDTH="745" VPOS="5510" HPOS="2161" STYLEREFS="StyleId-C7FB0806-7FEC-4F0B-864C-4C7DF5E17A64-">
<String CONTENT="See" HEIGHT="42" WIDTH="94" VPOS="5510" HPOS="2161"/>
<SP HEIGHT="40" WIDTH="42" VPOS="5513" HPOS="2256"/>
<String CONTENT="TURNER," HEIGHT="53" WIDTH="233" VPOS="5511" HPOS="2299"/>
<SP HEIGHT="53" WIDTH="39" VPOS="5512" HPOS="2533"/>
<String CONTENT="FREDERICK." HEIGHT="43" WIDTH="333" VPOS="5512" HPOS="2573"/>
</TextLine>
<TextLine HEIGHT="58" WIDTH="1170" VPOS="5573" HPOS="2083" CS="1">
<String CONTENT="Sociology" HEIGHT="54" WIDTH="308" VPOS="5573" HPOS="2083"/>
<SP HEIGHT="48" WIDTH="36" VPOS="5579" HPOS="2392"/>
<String CONTENT="in" HEIGHT="39" WIDTH="63" VPOS="5579" HPOS="2429"/>
<SP HEIGHT="30" WIDTH="34" VPOS="5589" HPOS="2493"/>
<String CONTENT="medicine." HEIGHT="44" WIDTH="299" VPOS="5581" HPOS="2528"/>
<SP HEIGHT="38" WIDTH="82" VPOS="5587" HPOS="2828"/>
<String CONTENT="See" HEIGHT="41" WIDTH="96" VPOS="5587" HPOS="2911"/>
<SP HEIGHT="39" WIDTH="40" VPOS="5588" HPOS="3008"/>
<String CS="1" CONTENT="SUSSER," HEIGHT="43" WIDTH="204" VPOS="5588" HPOS="3049"/>
</TextLine>
<TextLine HEIGHT="43" WIDTH="160" VPOS="5632" HPOS="2148">
<String CONTENT="M." HEIGHT="42" WIDTH="58" VPOS="5632" HPOS="2148"/>
<SP HEIGHT="40" WIDTH="43" VPOS="5634" HPOS="2207"/>
<String CONTENT="W." HEIGHT="41" WIDTH="57" VPOS="5634" HPOS="2251"/>
</TextLine>
<TextLine HEIGHT="119" WIDTH="1165" VPOS="5704" HPOS="2082" CS="1">
<String CONTENT="South" HEIGHT="42" WIDTH="167" VPOS="5704" HPOS="2082"/>
<SP HEIGHT="40" WIDTH="34" VPOS="5705" HPOS="2250"/>
<String CONTENT="Africa:" HEIGHT="43" WIDTH="230" VPOS="5705" HPOS="2285"/>
<SP HEIGHT="33" WIDTH="51" VPOS="5716" HPOS="2516"/>
<String CONTENT="sociological" HEIGHT="50" WIDTH="406" VPOS="5708" HPOS="2568"/>
<SP HEIGHT="49" WIDTH="37" VPOS="5710" HPOS="2975"/>
<String CONTENT="perspectives." HEIGHT="93" WIDTH="1092" VPOS="5716" HPOS="2155"/>
<SP HEIGHT="39" WIDTH="81" VPOS="5766" HPOS="2345"/>
<String CONTENT="See" HEIGHT="39" WIDTH="97" VPOS="5766" HPOS="2427"/>
<SP HEIGHT="40" WIDTH="36" VPOS="5766" HPOS="2525"/>
<String CS="1" CONTENT="ADAM," HEIGHT="40" WIDTH="139" VPOS="5767" HPOS="2562"/>
<SP HEIGHT="51" WIDTH="45" VPOS="5769" HPOS="2725"/>
<String CS="1" CONTENT="HERIBERT," HEIGHT="42" WIDTH="275" VPOS="5769" HPOS="2771"/>
<SP HEIGHT="43" WIDTH="48" VPOS="5779" HPOS="3069"/>
<String CONTENT="ed." HEIGHT="39" WIDTH="89" VPOS="5771" HPOS="3118"/>
</TextLine>
<TextLine HEIGHT="58" WIDTH="1240" VPOS="5832" HPOS="2081">
<String CONTENT="The" HEIGHT="41" WIDTH="98" VPOS="5832" HPOS="2081"/>
<SP HEIGHT="31" WIDTH="42" VPOS="5842" HPOS="2180"/>
<String CONTENT="speaking" HEIGHT="52" WIDTH="269" VPOS="5833" HPOS="2223"/>
<SP HEIGHT="50" WIDTH="36" VPOS="5835" HPOS="2493"/>
<String CONTENT="tree:" HEIGHT="43" WIDTH="158" VPOS="5835" HPOS="2530"/>
<SP HEIGHT="30" WIDTH="49" VPOS="5848" HPOS="2689"/>
<String CONTENT="a" HEIGHT="29" WIDTH="27" VPOS="5848" HPOS="2739"/>
<SP HEIGHT="31" WIDTH="41" VPOS="5848" HPOS="2767"/>
<String CONTENT="study" HEIGHT="50" WIDTH="167" VPOS="5839" HPOS="2809"/>
<SP HEIGHT="39" WIDTH="36" VPOS="5850" HPOS="2977"/>
<String CONTENT="of" HEIGHT="38" WIDTH="65" VPOS="5841" HPOS="3014"/>
<SP HEIGHT="41" WIDTH="37" VPOS="5841" HPOS="3080"/>
<String CONTENT="Indian" HEIGHT="41" WIDTH="203" VPOS="5842" HPOS="3118"/>
</TextLine>
<TextLine HEIGHT="65" WIDTH="1126" VPOS="5889" HPOS="2151">
<String CONTENT="culture" HEIGHT="42" WIDTH="236" VPOS="5889" HPOS="2151"/>
<SP HEIGHT="30" WIDTH="39" VPOS="5902" HPOS="2387"/>
<String CONTENT="and" HEIGHT="39" WIDTH="96" VPOS="5893" HPOS="2427"/>
<SP HEIGHT="41" WIDTH="44" VPOS="5893" HPOS="2523"/>
<String CONTENT="society." HEIGHT="51" WIDTH="263" VPOS="5894" HPOS="2567"/>
<SP HEIGHT="39" WIDTH="81" VPOS="5898" HPOS="2830"/>
<String CONTENT="See" HEIGHT="40" WIDTH="97" VPOS="5898" HPOS="2911"/>
<SP HEIGHT="38" WIDTH="37" VPOS="5899" HPOS="3008"/>
<String CONTENT="LANNOY," HEIGHT="56" WIDTH="232" VPOS="5898" HPOS="3045"/>
</TextLine>
<TextLine HEIGHT="43" WIDTH="264" VPOS="5949" HPOS="2150">
<String CONTENT="RICHARD." HEIGHT="43" WIDTH="264" VPOS="5949" HPOS="2150"/>
</TextLine>
<TextLine HEIGHT="60" WIDTH="1059" VPOS="6011" HPOS="2099">
<String CONTENT="Stationary" HEIGHT="53" WIDTH="344" VPOS="6011" HPOS="2099"/>
<SP HEIGHT="41" WIDTH="38" VPOS="6023" HPOS="2444"/>
<String CONTENT="states." HEIGHT="43" WIDTH="224" VPOS="6013" HPOS="2483"/>
<SP HEIGHT="41" WIDTH="82" VPOS="6016" HPOS="2708"/>
<String CONTENT="See" HEIGHT="40" WIDTH="97" VPOS="6017" HPOS="2791"/>
<SP HEIGHT="39" WIDTH="39" VPOS="6018" HPOS="2889"/>
<String CONTENT="HOLDEN," HEIGHT="55" WIDTH="229" VPOS="6016" HPOS="2929"/>
</TextLine>
<TextLine HEIGHT="40" WIDTH="160" VPOS="6074" HPOS="2168">
<String CONTENT="ALAN." HEIGHT="40" WIDTH="160" VPOS="6074" HPOS="2168"/>
</TextLine>
<TextLine HEIGHT="47" WIDTH="1027" VPOS="6137" HPOS="2102" STYLEREFS="StyleId-8E2FA048-57C2-44BC-B5BA-EA0D3E1DB6CB-">
<String CONTENT="Studies" HEIGHT="40" WIDTH="233" VPOS="6140" HPOS="2102"/>
<SP HEIGHT="39" WIDTH="42" VPOS="6140" HPOS="2336"/>
<String CONTENT="in" HEIGHT="37" WIDTH="64" VPOS="6141" HPOS="2379"/>
<SP HEIGHT="36" WIDTH="37" VPOS="6143" HPOS="2444"/>
<String CONTENT="Eastern" HEIGHT="41" WIDTH="237" VPOS="6139" HPOS="2482"/>
<SP HEIGHT="30" WIDTH="37" VPOS="6149" HPOS="2720"/>
<String CONTENT="chant." HEIGHT="38" WIDTH="189" VPOS="6141" HPOS="2758"/>
<SP HEIGHT="38" WIDTH="85" VPOS="6142" HPOS="2948"/>
<String CONTENT="See" HEIGHT="36" WIDTH="95" VPOS="6143" HPOS="3034"/>
</TextLine>
<TextLine HEIGHT="57" WIDTH="469" VPOS="6197" HPOS="2167" STYLEREFS="StyleId-8E2FA048-57C2-44BC-B5BA-EA0D3E1DB6CB-">
<String CONTENT="WELLESZ," HEIGHT="55" WIDTH="265" VPOS="6198" HPOS="2167"/>
<SP HEIGHT="54" WIDTH="48" VPOS="6199" HPOS="2433"/>
<String CONTENT="EGON." HEIGHT="44" WIDTH="154" VPOS="6198" HPOS="2482"/>
</TextLine>
</TextBlock>
<TextBlock ID="Page3176_Block11" HEIGHT="5549" WIDTH="1459" VPOS="667" HPOS="3516" LANG="en-US" CS="1" STYLEREFS="StyleId-5C57FCE7-11FF-42EE-92AB-8D67FBCA0109-">
<Shape>
<Polygon POINTS="3543,667 3605,667 3605,668 3813,668 3813,669 4022,669 4022,670 4231,670 4231,671 4439,671 4439,672 4648,672 4648,673 4857,673 4857,674 4975,674 4975,685 4974,685 4974,893 4973,893 4973,1102 4972,1102 4972,1311 4971,1311 4971,1519 4970,1519 4970,1728 4969,1728 4969,1937 4968,1937 4968,2146 4967,2146 4967,2354 4966,2354 4966,2563 4965,2563 4965,2772 4964,2772 4964,2980 4963,2980 4963,3189 4962,3189 4962,3398 4961,3398 4961,3607 4960,3607 4960,3815 4959,3815 4959,4024 4958,4024 4958,4233 4957,4233 4957,4441 4956,4441 4956,4650 4955,4650 4955,4859 4954,4859 4954,5068 4953,5068 4953,5276 4952,5276 4952,5485 4951,5485 4951,5694 4950,5694 4950,5902 4949,5902 4949,6111 4948,6111 4948,6216 4855,6216 4855,6215 4646,6215 4646,6214 4438,6214 4438,6213 4229,6213 4229,6212 4020,6212 4020,6211 3812,6211 3812,6210 3603,6210 3603,6209 3516,6209 3516,6109 3517,6109 3517,5901 3518,5901 3518,5692 3519,5692 3519,5483 3520,5483 3520,5275 3521,5275 3521,5066 3522,5066 3522,4857 3523,4857 3523,4648 3524,4648 3524,4440 3525,4440 3525,4231 3526,4231 3526,4022 3527,4022 3527,3814 3528,3814 3528,3605 3529,3605 3529,3396 3530,3396 3530,3187 3531,3187 3531,2979 3532,2979 3532,2770 3533,2770 3533,2561 3534,2561 3534,2353 3535,2353 3535,2144 3536,2144 3536,1935 3537,1935 3537,1726 3538,1726 3538,1518 3539,1518 3539,1309 3540,1309 3540,1100 3541,1100 3541,892 3542,892 3542,683 3543,683 3543,667"/>
</Shape>
<TextLine HEIGHT="64" WIDTH="1198" VPOS="681" HPOS="3628">
<String CONTENT="Surviving" HEIGHT="53" WIDTH="307" VPOS="681" HPOS="3628"/>
<SP HEIGHT="51" WIDTH="38" VPOS="683" HPOS="3935"/>
<String CONTENT="the" HEIGHT="42" WIDTH="96" VPOS="683" HPOS="3973"/>
<SP HEIGHT="40" WIDTH="43" VPOS="685" HPOS="4069"/>
<String CONTENT="future." HEIGHT="43" WIDTH="229" VPOS="685" HPOS="4112"/>
<SP HEIGHT="39" WIDTH="81" VPOS="689" HPOS="4341"/>
<String CONTENT="See" HEIGHT="39" WIDTH="95" VPOS="689" HPOS="4422"/>
<SP HEIGHT="39" WIDTH="43" VPOS="691" HPOS="4517"/>
<String CONTENT="TOYNBEE," HEIGHT="55" WIDTH="266" VPOS="690" HPOS="4560"/>
</TextLine>
<TextLine HEIGHT="45" WIDTH="231" VPOS="740" HPOS="3692">
<String CONTENT="ARNOLD." HEIGHT="45" WIDTH="231" VPOS="740" HPOS="3692"/>
</TextLine>
<TextLine HEIGHT="59" WIDTH="1237" VPOS="818" HPOS="3611">
<String CONTENT="A" HEIGHT="40" WIDTH="31" VPOS="823" HPOS="3611"/>
<SP HEIGHT="42" WIDTH="35" VPOS="821" HPOS="3643"/>
<String CONTENT="theory" HEIGHT="52" WIDTH="206" VPOS="821" HPOS="3679"/>
<SP HEIGHT="43" WIDTH="36" VPOS="830" HPOS="3886"/>
<String CONTENT="of" HEIGHT="42" WIDTH="62" VPOS="821" HPOS="3923"/>
<SP HEIGHT="42" WIDTH="37" VPOS="821" HPOS="3986"/>
<String CONTENT="reasons" HEIGHT="35" WIDTH="236" VPOS="830" HPOS="4024"/>
<SP HEIGHT="41" WIDTH="39" VPOS="822" HPOS="4261"/>
<String CONTENT="for" HEIGHT="41" WIDTH="100" VPOS="822" HPOS="4301"/>
<SP HEIGHT="32" WIDTH="36" VPOS="831" HPOS="4402"/>
<String CONTENT="action." HEIGHT="43" WIDTH="230" VPOS="822" HPOS="4439"/>
<SP HEIGHT="42" WIDTH="81" VPOS="824" HPOS="4670"/>
<String CONTENT="See" HEIGHT="42" WIDTH="96" VPOS="824" HPOS="4752"/>
</TextLine>
<TextLine HEIGHT="53" WIDTH="717" VPOS="880" HPOS="3677">
<String CONTENT="RICHARDS," HEIGHT="51" WIDTH="306" VPOS="880" HPOS="3677"/>
<SP HEIGHT="50" WIDTH="41" VPOS="881" HPOS="3983"/>
<String CONTENT="DAVID" HEIGHT="40" WIDTH="173" VPOS="881" HPOS="4024"/>
<SP HEIGHT="38" WIDTH="34" VPOS="882" HPOS="4197"/>
<String CONTENT="A." HEIGHT="39" WIDTH="58" VPOS="882" HPOS="4231"/>
<SP HEIGHT="38" WIDTH="47" VPOS="883" HPOS="4289"/>
<String CONTENT="J." HEIGHT="38" WIDTH="58" VPOS="883" HPOS="4336"/>
</TextLine>
<TextLine HEIGHT="56" WIDTH="1238" VPOS="955" HPOS="3646">
<String CONTENT="The" HEIGHT="40" WIDTH="99" VPOS="963" HPOS="3646"/>
<SP HEIGHT="30" WIDTH="34" VPOS="973" HPOS="3746"/>
<String CONTENT="works" HEIGHT="39" WIDTH="168" VPOS="963" HPOS="3781"/>
<SP HEIGHT="28" WIDTH="44" VPOS="973" HPOS="3950"/>
<String CONTENT="of" HEIGHT="41" WIDTH="62" VPOS="961" HPOS="3995"/>
<SP HEIGHT="39" WIDTH="37" VPOS="962" HPOS="4058"/>
<String CONTENT="Sir" HEIGHT="40" WIDTH="99" VPOS="961" HPOS="4096"/>
<SP HEIGHT="40" WIDTH="34" VPOS="961" HPOS="4196"/>
<String CONTENT="John" HEIGHT="41" WIDTH="139" VPOS="960" HPOS="4231"/>
<SP HEIGHT="39" WIDTH="33" VPOS="961" HPOS="4371"/>
<String CONTENT="Suckling." HEIGHT="52" WIDTH="300" VPOS="958" HPOS="4405"/>
<SP HEIGHT="39" WIDTH="79" VPOS="960" HPOS="4706"/>
<String CONTENT="See" HEIGHT="42" WIDTH="98" VPOS="960" HPOS="4786"/>
</TextLine>
<TextLine HEIGHT="57" WIDTH="643" VPOS="1015" HPOS="3715" CS="1">
<String CS="1" CONTENT="SUCKLING," HEIGHT="43" WIDTH="275" VPOS="1019" HPOS="3715"/>
<SP HEIGHT="52" WIDTH="44" VPOS="1019" HPOS="4016"/>
<String CONTENT="SIR" HEIGHT="41" WIDTH="101" VPOS="1019" HPOS="4061"/>
<SP HEIGHT="40" WIDTH="35" VPOS="1019" HPOS="4163"/>
<String CONTENT="JOHN." HEIGHT="43" WIDTH="159" VPOS="1017" HPOS="4199"/>
</TextLine>
<TextLine HEIGHT="59" WIDTH="996" VPOS="1093" HPOS="3556" STYLEREFS="StyleId-C7FB0806-7FEC-4F0B-864C-4C7DF5E17A64-">
<String CONTENT="OXFORD" HEIGHT="48" WIDTH="205" VPOS="1093" HPOS="3556"/>
<SP HEIGHT="44" WIDTH="22" VPOS="1097" HPOS="3761"/>
<String CONTENT="UNIVERSITY" HEIGHT="45" WIDTH="343" VPOS="1100" HPOS="3797"/>
<SP HEIGHT="41" WIDTH="37" VPOS="1104" HPOS="4140"/>
<String CONTENT="PRESS." HEIGHT="46" WIDTH="192" VPOS="1105" HPOS="4177"/>
<SP HEIGHT="45" WIDTH="85" VPOS="1107" HPOS="4369"/>
<String CONTENT="See" HEIGHT="43" WIDTH="98" VPOS="1108" HPOS="4454"/>
</TextLine>
<TextLine HEIGHT="56" WIDTH="1035" VPOS="1157" HPOS="3624">
<String CONTENT="GATHERED" HEIGHT="45" WIDTH="273" VPOS="1157" HPOS="3624"/>
<SP HEIGHT="40" WIDTH="35" VPOS="1163" HPOS="3898"/>
<String CONTENT="TOGETHER:" HEIGHT="44" WIDTH="297" VPOS="1163" HPOS="3934"/>
<SP HEIGHT="41" WIDTH="47" VPOS="1167" HPOS="4232"/>
<String CONTENT="READINGS" HEIGHT="41" WIDTH="271" VPOS="1168" HPOS="4280"/>
<SP HEIGHT="39" WIDTH="39" VPOS="1170" HPOS="4552"/>
<String CONTENT="ON" HEIGHT="43" WIDTH="67" VPOS="1170" HPOS="4592"/>
</TextLine>
<TextLine HEIGHT="46" WIDTH="569" VPOS="1220" HPOS="3694">
<String CONTENT="RELIGIOUS" HEIGHT="42" WIDTH="303" VPOS="1220" HPOS="3694"/>
<SP HEIGHT="40" WIDTH="40" VPOS="1223" HPOS="3998"/>
<String CONTENT="THEMES." HEIGHT="42" WIDTH="224" VPOS="1224" HPOS="4039"/>
</TextLine>
<TextLine HEIGHT="70" WIDTH="1407" VPOS="1324" HPOS="3551">
<String CONTENT="OXFORD" HEIGHT="43" WIDTH="207" VPOS="1329" HPOS="3551"/>
<SP HEIGHT="40" WIDTH="32" VPOS="1332" HPOS="3759"/>
<String CONTENT="UNIVERSITY" HEIGHT="44" WIDTH="348" VPOS="1331" HPOS="3792"/>
<SP HEIGHT="41" WIDTH="32" VPOS="1334" HPOS="4141"/>
<String CONTENT="PRESS" HEIGHT="43" WIDTH="167" VPOS="1333" HPOS="4174"/>
<SP HEIGHT="62" WIDTH="48" VPOS="1328" HPOS="4342"/>
<String CONTENT="(CANADIAN" HEIGHT="64" WIDTH="298" VPOS="1328" HPOS="4391"/>
<SP HEIGHT="41" WIDTH="36" VPOS="1338" HPOS="4690"/>
<String CONTENT="BRANCH)" HEIGHT="64" WIDTH="231" VPOS="1330" HPOS="4727"/>
</TextLine>
<TextLine HEIGHT="55" WIDTH="1099" VPOS="1390" HPOS="3622">
<String CONTENT="Procedures" HEIGHT="40" WIDTH="338" VPOS="1391" HPOS="3622"/>
<SP HEIGHT="40" WIDTH="40" VPOS="1391" HPOS="3961"/>
<String CONTENT="for" HEIGHT="41" WIDTH="100" VPOS="1391" HPOS="4002"/>
<SP HEIGHT="30" WIDTH="33" VPOS="1402" HPOS="4103"/>
<String CONTENT="underground." HEIGHT="51" WIDTH="403" VPOS="1393" HPOS="4137"/>
<SP HEIGHT="40" WIDTH="80" VPOS="1397" HPOS="4541"/>
<String CONTENT="See" HEIGHT="41" WIDTH="99" VPOS="1397" HPOS="4622"/>
</TextLine>
<TextLine HEIGHT="56" WIDTH="577" VPOS="1450" HPOS="3688">
<String CONTENT="ATWOOD," HEIGHT="54" WIDTH="234" VPOS="1450" HPOS="3688"/>
<SP HEIGHT="53" WIDTH="40" VPOS="1451" HPOS="3923"/>
<String CONTENT="MARGARET." HEIGHT="44" WIDTH="301" VPOS="1451" HPOS="3964"/>
</TextLine>
<TextLine HEIGHT="69" WIDTH="988" VPOS="1545" HPOS="3560">
<String CONTENT="OXFORD" HEIGHT="45" WIDTH="205" VPOS="1545" HPOS="3560"/>
<SP HEIGHT="42" WIDTH="31" VPOS="1549" HPOS="3766"/>
<String CONTENT="UNIVERSITY" HEIGHT="46" WIDTH="348" VPOS="1552" HPOS="3798"/>
<SP HEIGHT="42" WIDTH="34" VPOS="1556" HPOS="4147"/>
<String CONTENT="PRESS," HEIGHT="57" WIDTH="194" VPOS="1556" HPOS="4182"/>
<SP HEIGHT="51" WIDTH="44" VPOS="1562" HPOS="4377"/>
<String CONTENT="INC." HEIGHT="46" WIDTH="126" VPOS="1561" HPOS="4422"/>
</TextLine>
<TextLine HEIGHT="66" WIDTH="1061" VPOS="1607" HPOS="3625">
<String CONTENT="The" HEIGHT="40" WIDTH="99" VPOS="1607" HPOS="3625"/>
<SP HEIGHT="31" WIDTH="38" VPOS="1616" HPOS="3725"/>
<String CONTENT="ancient" HEIGHT="43" WIDTH="236" VPOS="1609" HPOS="3764"/>
<SP HEIGHT="42" WIDTH="40" VPOS="1612" HPOS="4001"/>
<String CONTENT="Romans." HEIGHT="44" WIDTH="228" VPOS="1614" HPOS="4042"/>
<SP HEIGHT="39" WIDTH="82" VPOS="1619" HPOS="4271"/>
<String CONTENT="See" HEIGHT="42" WIDTH="95" VPOS="1619" HPOS="4354"/>
<SP HEIGHT="41" WIDTH="41" VPOS="1621" HPOS="4450"/>
<String CONTENT="STARR," HEIGHT="52" WIDTH="194" VPOS="1621" HPOS="4492"/>
</TextLine>
<TextLine HEIGHT="49" WIDTH="334" VPOS="1667" HPOS="3695">
<String CONTENT="CHESTER" HEIGHT="43" WIDTH="240" VPOS="1667" HPOS="3695"/>
<SP HEIGHT="42" WIDTH="34" VPOS="1670" HPOS="3936"/>
<String CONTENT="G." HEIGHT="44" WIDTH="58" VPOS="1672" HPOS="3971"/>
</TextLine>
<TextLine HEIGHT="65" WIDTH="1242" VPOS="1733" HPOS="3623">
<String CONTENT="Argentina:" HEIGHT="54" WIDTH="337" VPOS="1733" HPOS="3623"/>
<SP HEIGHT="30" WIDTH="45" VPOS="1750" HPOS="3961"/>
<String CONTENT="a" HEIGHT="31" WIDTH="31" VPOS="1750" HPOS="4007"/>
<SP HEIGHT="31" WIDTH="38" VPOS="1751" HPOS="4039"/>
<String CONTENT="city" HEIGHT="52" WIDTH="135" VPOS="1742" HPOS="4078"/>
<SP HEIGHT="41" WIDTH="34" VPOS="1754" HPOS="4214"/>
<String CONTENT="and" HEIGHT="40" WIDTH="99" VPOS="1747" HPOS="4249"/>
<SP HEIGHT="40" WIDTH="39" VPOS="1747" HPOS="4349"/>
<String CONTENT="a" HEIGHT="30" WIDTH="31" VPOS="1757" HPOS="4389"/>
<SP HEIGHT="32" WIDTH="33" VPOS="1756" HPOS="4421"/>
<String CONTENT="nation." HEIGHT="43" WIDTH="229" VPOS="1749" HPOS="4455"/>
<SP HEIGHT="40" WIDTH="82" VPOS="1753" HPOS="4685"/>
<String CONTENT="See" HEIGHT="42" WIDTH="97" VPOS="1753" HPOS="4768"/>
</TextLine>
<TextLine HEIGHT="59" WIDTH="541" VPOS="1793" HPOS="3695">
<String CONTENT="SCOBIE," HEIGHT="58" WIDTH="230" VPOS="1793" HPOS="3695"/>
<SP HEIGHT="50" WIDTH="43" VPOS="1801" HPOS="3926"/>
<String CONTENT="JAMES" HEIGHT="43" WIDTH="168" VPOS="1799" HPOS="3970"/>
<SP HEIGHT="42" WIDTH="37" VPOS="1802" HPOS="4139"/>
<String CONTENT="R." HEIGHT="40" WIDTH="59" VPOS="1804" HPOS="4177"/>
</TextLine>
<TextLine HEIGHT="59" WIDTH="1063" VPOS="1869" HPOS="3613">
<String CONTENT="Children" HEIGHT="44" WIDTH="270" VPOS="1869" HPOS="3613"/>
<SP HEIGHT="41" WIDTH="38" VPOS="1871" HPOS="3884"/>
<String CONTENT="in" HEIGHT="42" WIDTH="65" VPOS="1871" HPOS="3923"/>
<SP HEIGHT="31" WIDTH="32" VPOS="1882" HPOS="3989"/>
<String CONTENT="urban" HEIGHT="42" WIDTH="173" VPOS="1872" HPOS="4022"/>
<SP HEIGHT="31" WIDTH="37" VPOS="1883" HPOS="4196"/>
<String CONTENT="society." HEIGHT="54" WIDTH="263" VPOS="1873" HPOS="4234"/>
<SP HEIGHT="42" WIDTH="81" VPOS="1877" HPOS="4498"/>
<String CONTENT="See" HEIGHT="43" WIDTH="96" VPOS="1877" HPOS="4580"/>
</TextLine>
<TextLine HEIGHT="54" WIDTH="543" VPOS="1929" HPOS="3679">
<String CONTENT="HAWES," HEIGHT="53" WIDTH="198" VPOS="1929" HPOS="3679"/>
<SP HEIGHT="51" WIDTH="43" VPOS="1931" HPOS="3877"/>
<String CONTENT="JOSEPH" HEIGHT="42" WIDTH="207" VPOS="1931" HPOS="3920"/>
<SP HEIGHT="40" WIDTH="32" VPOS="1933" HPOS="4127"/>
<String CONTENT="M." HEIGHT="39" WIDTH="63" VPOS="1934" HPOS="4159"/>
</TextLine>
<TextLine HEIGHT="63" WIDTH="1203" VPOS="1997" HPOS="3616">
<String CONTENT="China," HEIGHT="54" WIDTH="192" VPOS="1997" HPOS="3616"/>
<SP HEIGHT="50" WIDTH="47" VPOS="2002" HPOS="3809"/>
<String CONTENT="India," HEIGHT="51" WIDTH="194" VPOS="2003" HPOS="3857"/>
<SP HEIGHT="39" WIDTH="44" VPOS="2015" HPOS="4052"/>
<String CONTENT="and" HEIGHT="40" WIDTH="98" VPOS="2006" HPOS="4097"/>
<SP HEIGHT="41" WIDTH="40" VPOS="2006" HPOS="4196"/>
<String CONTENT="Japan:" HEIGHT="49" WIDTH="195" VPOS="2009" HPOS="4237"/>
<SP HEIGHT="42" WIDTH="43" VPOS="2010" HPOS="4433"/>
<String CONTENT="the" HEIGHT="41" WIDTH="101" VPOS="2011" HPOS="4477"/>
<SP HEIGHT="30" WIDTH="33" VPOS="2023" HPOS="4579"/>
<String CONTENT="middle" HEIGHT="43" WIDTH="206" VPOS="2013" HPOS="4613"/>
</TextLine>
<TextLine HEIGHT="64" WIDTH="1094" VPOS="2059" HPOS="3682">
<String CONTENT="period." HEIGHT="48" WIDTH="229" VPOS="2059" HPOS="3682"/>
<SP HEIGHT="40" WIDTH="81" VPOS="2063" HPOS="3912"/>
<String CONTENT="See" HEIGHT="41" WIDTH="97" VPOS="2063" HPOS="3994"/>
<SP HEIGHT="40" WIDTH="34" VPOS="2066" HPOS="4092"/>
<String CONTENT="MCNEILL," HEIGHT="55" WIDTH="272" VPOS="2066" HPOS="4127"/>
<SP HEIGHT="50" WIDTH="40" VPOS="2071" HPOS="4400"/>
<String CONTENT="WILLIAM" HEIGHT="45" WIDTH="243" VPOS="2070" HPOS="4441"/>
<SP HEIGHT="40" WIDTH="34" VPOS="2075" HPOS="4685"/>
<String CONTENT="H." HEIGHT="40" WIDTH="56" VPOS="2075" HPOS="4720"/>
</TextLine>
<TextLine HEIGHT="58" WIDTH="1078" VPOS="2132" HPOS="3640" CS="1">
<String CONTENT="A" HEIGHT="39" WIDTH="36" VPOS="2132" HPOS="3640"/>
<SP HEIGHT="43" WIDTH="37" VPOS="2132" HPOS="3676"/>
<String CONTENT="Christian" HEIGHT="43" WIDTH="310" VPOS="2134" HPOS="3713"/>
<SP HEIGHT="42" WIDTH="34" VPOS="2138" HPOS="4023"/>
<String CONTENT="America." HEIGHT="43" WIDTH="267" VPOS="2139" HPOS="4057"/>
<SP HEIGHT="40" WIDTH="82" VPOS="2144" HPOS="4324"/>
<String CONTENT="See" HEIGHT="42" WIDTH="99" VPOS="2144" HPOS="4406"/>
<SP HEIGHT="40" WIDTH="39" VPOS="2146" HPOS="4505"/>
<String CS="1" CONTENT="HANDY," HEIGHT="44" WIDTH="174" VPOS="2146" HPOS="4544"/>
</TextLine>
<TextLine HEIGHT="45" WIDTH="300" VPOS="2193" HPOS="3713">
<String CONTENT="ROBERT" HEIGHT="44" WIDTH="204" VPOS="2193" HPOS="3713"/>
<SP HEIGHT="40" WIDTH="34" VPOS="2197" HPOS="3918"/>
<String CONTENT="T." HEIGHT="40" WIDTH="60" VPOS="2198" HPOS="3953"/>
</TextLine>
<TextLine HEIGHT="57" WIDTH="1030" VPOS="2260" HPOS="3615">
<String CONTENT="A" HEIGHT="40" WIDTH="32" VPOS="2260" HPOS="3615"/>
<SP HEIGHT="40" WIDTH="36" VPOS="2260" HPOS="3648"/>
<String CONTENT="dictionary" HEIGHT="52" WIDTH="341" VPOS="2261" HPOS="3685"/>
<SP HEIGHT="41" WIDTH="35" VPOS="2273" HPOS="4027"/>
<String CONTENT="of" HEIGHT="40" WIDTH="66" VPOS="2264" HPOS="4063"/>
<SP HEIGHT="51" WIDTH="37" VPOS="2264" HPOS="4130"/>
<String CONTENT="genetics." HEIGHT="53" WIDTH="296" VPOS="2264" HPOS="4168"/>
<SP HEIGHT="40" WIDTH="83" VPOS="2269" HPOS="4465"/>
<String CONTENT="See" HEIGHT="40" WIDTH="96" VPOS="2269" HPOS="4549"/>
</TextLine>
<TextLine HEIGHT="55" WIDTH="505" VPOS="2320" HPOS="3682">
<String CONTENT="KING," HEIGHT="54" WIDTH="161" VPOS="2320" HPOS="3682"/>
<SP HEIGHT="53" WIDTH="45" VPOS="2321" HPOS="3843"/>
<String CONTENT="ROBERT" HEIGHT="42" WIDTH="205" VPOS="2321" HPOS="3888"/>
<SP HEIGHT="40" WIDTH="40" VPOS="2324" HPOS="4093"/>
<String CONTENT="C." HEIGHT="42" WIDTH="54" VPOS="2324" HPOS="4133"/>
</TextLine>
<TextLine HEIGHT="61" WIDTH="996" VPOS="2384" HPOS="3634" CS="1">
<String CONTENT="Elementary" HEIGHT="54" WIDTH="344" VPOS="2384" HPOS="3634"/>
<SP HEIGHT="51" WIDTH="38" VPOS="2387" HPOS="3979"/>
<String CONTENT="logic." HEIGHT="53" WIDTH="195" VPOS="2386" HPOS="4018"/>
<SP HEIGHT="44" WIDTH="79" VPOS="2389" HPOS="4214"/>
<String CONTENT="See" HEIGHT="42" WIDTH="96" VPOS="2390" HPOS="4294"/>
<SP HEIGHT="39" WIDTH="37" VPOS="2393" HPOS="4391"/>
<String CONTENT="MATES," HEIGHT="54" WIDTH="201" VPOS="2391" HPOS="4429"/>
</TextLine>
<TextLine HEIGHT="46" WIDTH="231" VPOS="2443" HPOS="3703">
<String CONTENT="BENSON." HEIGHT="46" WIDTH="231" VPOS="2443" HPOS="3703"/>
</TextLine>
<TextLine HEIGHT="65" WIDTH="1166" VPOS="2502" HPOS="3625">
<String CONTENT="The" HEIGHT="40" WIDTH="99" VPOS="2502" HPOS="3625"/>
<SP HEIGHT="39" WIDTH="40" VPOS="2504" HPOS="3725"/>
<String CONTENT="face" HEIGHT="41" WIDTH="131" VPOS="2504" HPOS="3766"/>
<SP HEIGHT="31" WIDTH="41" VPOS="2514" HPOS="3898"/>
<String CONTENT="of" HEIGHT="40" WIDTH="62" VPOS="2506" HPOS="3940"/>
<SP HEIGHT="41" WIDTH="41" VPOS="2506" HPOS="4003"/>
<String CONTENT="the" HEIGHT="41" WIDTH="94" VPOS="2508" HPOS="4045"/>
<SP HEIGHT="39" WIDTH="40" VPOS="2510" HPOS="4140"/>
<String CONTENT="deep." HEIGHT="52" WIDTH="159" VPOS="2510" HPOS="4181"/>
<SP HEIGHT="40" WIDTH="83" VPOS="2513" HPOS="4341"/>
<String CONTENT="See" HEIGHT="42" WIDTH="95" VPOS="2513" HPOS="4425"/>
<SP HEIGHT="40" WIDTH="38" VPOS="2516" HPOS="4521"/>
<String CONTENT="HEEZEN," HEIGHT="52" WIDTH="231" VPOS="2515" HPOS="4560"/>
</TextLine>
<TextLine HEIGHT="45" WIDTH="264" VPOS="2561" HPOS="3696">
<String CONTENT="BRUCE" HEIGHT="43" WIDTH="171" VPOS="2561" HPOS="3696"/>
<SP HEIGHT="41" WIDTH="35" VPOS="2564" HPOS="3867"/>
<String CONTENT="C." HEIGHT="42" WIDTH="58" VPOS="2564" HPOS="3902"/>
</TextLine>
<TextLine HEIGHT="116" WIDTH="1274" VPOS="2630" HPOS="3614" CS="1">
<String CONTENT="Fact" HEIGHT="41" WIDTH="133" VPOS="2630" HPOS="3614"/>
<SP HEIGHT="41" WIDTH="39" VPOS="2630" HPOS="3748"/>
<String CONTENT="and" HEIGHT="41" WIDTH="98" VPOS="2631" HPOS="3788"/>
<SP HEIGHT="40" WIDTH="40" VPOS="2632" HPOS="3887"/>
<String CONTENT="symbol:" HEIGHT="51" WIDTH="224" VPOS="2632" HPOS="3928"/>
<SP HEIGHT="31" WIDTH="50" VPOS="2645" HPOS="4153"/>
<String CONTENT="essays" HEIGHT="42" WIDTH="198" VPOS="2645" HPOS="4204"/>
<SP HEIGHT="42" WIDTH="41" VPOS="2637" HPOS="4403"/>
<String CONTENT="in" HEIGHT="40" WIDTH="65" VPOS="2638" HPOS="4445"/>
<SP HEIGHT="40" WIDTH="35" VPOS="2639" HPOS="4511"/>
<String CONTENT="the" HEIGHT="40" WIDTH="98" VPOS="2639" HPOS="4547"/>
<SP HEIGHT="31" WIDTH="42" VPOS="2650" HPOS="4646"/>
<String CONTENT="sociology" HEIGHT="110" WIDTH="1203" VPOS="2636" HPOS="3685"/>
<SP HEIGHT="40" WIDTH="41" VPOS="2701" HPOS="3780"/>
<String CONTENT="of" HEIGHT="40" WIDTH="64" VPOS="2692" HPOS="3822"/>
<SP HEIGHT="41" WIDTH="38" VPOS="2692" HPOS="3887"/>
<String CONTENT="art" HEIGHT="41" WIDTH="95" VPOS="2693" HPOS="3926"/>
<SP HEIGHT="42" WIDTH="41" VPOS="2693" HPOS="4022"/>
<String CONTENT="and" HEIGHT="40" WIDTH="98" VPOS="2695" HPOS="4064"/>
<SP HEIGHT="41" WIDTH="36" VPOS="2695" HPOS="4163"/>
<String CONTENT="literature." HEIGHT="48" WIDTH="370" VPOS="2695" HPOS="4200"/>
<SP HEIGHT="44" WIDTH="79" VPOS="2699" HPOS="4571"/>
<String CONTENT="See" HEIGHT="41" WIDTH="98" VPOS="2700" HPOS="4651"/>
</TextLine>
<TextLine HEIGHT="54" WIDTH="439" VPOS="2749" HPOS="3682">
<String CONTENT="GRANA," HEIGHT="53" WIDTH="196" VPOS="2749" HPOS="3682"/>
<SP HEIGHT="51" WIDTH="47" VPOS="2751" HPOS="3878"/>
<String CONTENT="CESAR." HEIGHT="44" WIDTH="196" VPOS="2751" HPOS="3925"/>
</TextLine>
<TextLine HEIGHT="66" WIDTH="1200" VPOS="2813" HPOS="3619">
<String CONTENT="Freud" HEIGHT="42" WIDTH="168" VPOS="2813" HPOS="3619"/>
<SP HEIGHT="40" WIDTH="38" VPOS="2816" HPOS="3788"/>
<String CONTENT="and" HEIGHT="40" WIDTH="101" VPOS="2818" HPOS="3827"/>
<SP HEIGHT="41" WIDTH="36" VPOS="2817" HPOS="3929"/>
<String CONTENT="the" HEIGHT="42" WIDTH="96" VPOS="2817" HPOS="3966"/>
<SP HEIGHT="40" WIDTH="36" VPOS="2819" HPOS="4063"/>
<String CONTENT="Americans." HEIGHT="46" WIDTH="335" VPOS="2819" HPOS="4100"/>
<SP HEIGHT="40" WIDTH="82" VPOS="2826" HPOS="4436"/>
<String CONTENT="See" HEIGHT="41" WIDTH="98" VPOS="2827" HPOS="4519"/>
<SP HEIGHT="41" WIDTH="36" VPOS="2829" HPOS="4618"/>
<String CONTENT="HALE," HEIGHT="51" WIDTH="164" VPOS="2828" HPOS="4655"/>
</TextLine>
<TextLine HEIGHT="58" WIDTH="470" VPOS="2873" HPOS="3689">
<String CONTENT="NATHAN" HEIGHT="43" WIDTH="205" VPOS="2873" HPOS="3689"/>
<SP HEIGHT="42" WIDTH="34" VPOS="2876" HPOS="3895"/>
<String CONTENT="G.," HEIGHT="52" WIDTH="91" VPOS="2878" HPOS="3930"/>
<SP HEIGHT="52" WIDTH="44" VPOS="2879" HPOS="4022"/>
<String CONTENT="JR." HEIGHT="41" WIDTH="92" VPOS="2880" HPOS="4067"/>
</TextLine>
<TextLine HEIGHT="61" WIDTH="1093" VPOS="2949" HPOS="3627">
<String CONTENT="Geology." HEIGHT="51" WIDTH="261" VPOS="2949" HPOS="3627"/>
<SP HEIGHT="38" WIDTH="87" VPOS="2954" HPOS="3888"/>
<String CONTENT="See" HEIGHT="39" WIDTH="97" VPOS="2954" HPOS="3975"/>
<SP HEIGHT="37" WIDTH="38" VPOS="2956" HPOS="4072"/>
<String CONTENT="PUTNAM," HEIGHT="52" WIDTH="231" VPOS="2956" HPOS="4110"/>
<SP HEIGHT="49" WIDTH="43" VPOS="2959" HPOS="4341"/>
<String CONTENT="WILLIAM" HEIGHT="41" WIDTH="245" VPOS="2959" HPOS="4384"/>
<SP HEIGHT="41" WIDTH="36" VPOS="2961" HPOS="4629"/>
<String CONTENT="C." HEIGHT="40" WIDTH="55" VPOS="2962" HPOS="4665"/>
</TextLine>
<TextLine HEIGHT="52" WIDTH="1102" VPOS="3024" HPOS="3628" CS="1">
<String CONTENT="Harlem" HEIGHT="41" WIDTH="207" VPOS="3031" HPOS="3628"/>
<SP HEIGHT="30" WIDTH="34" VPOS="3041" HPOS="3836"/>
<String CONTENT="renaissance." HEIGHT="43" WIDTH="401" VPOS="3030" HPOS="3871"/>
<SP HEIGHT="42" WIDTH="80" VPOS="3029" HPOS="4273"/>
<String CONTENT="See" HEIGHT="43" WIDTH="98" VPOS="3029" HPOS="4354"/>
<SP HEIGHT="40" WIDTH="38" VPOS="3031" HPOS="4453"/>
<String CS="1" CONTENT="HUGGINS," HEIGHT="44" WIDTH="238" VPOS="3028" HPOS="4492"/>
</TextLine>
<TextLine HEIGHT="46" WIDTH="439" VPOS="3087" HPOS="3697">
<String CONTENT="NATHAN" HEIGHT="45" WIDTH="203" VPOS="3087" HPOS="3697"/>
<SP HEIGHT="42" WIDTH="38" VPOS="3089" HPOS="3901"/>
<String CONTENT="IRVIN." HEIGHT="44" WIDTH="196" VPOS="3088" HPOS="3940"/>
</TextLine>
<TextLine HEIGHT="60" WIDTH="1032" VPOS="3143" HPOS="3613">
<String CONTENT="Heredity" HEIGHT="52" WIDTH="273" VPOS="3143" HPOS="3613"/>
<SP HEIGHT="40" WIDTH="40" VPOS="3155" HPOS="3886"/>
<String CONTENT="and" HEIGHT="41" WIDTH="99" VPOS="3147" HPOS="3927"/>
<SP HEIGHT="41" WIDTH="38" VPOS="3148" HPOS="4027"/>
<String CONTENT="development." HEIGHT="54" WIDTH="398" VPOS="3149" HPOS="4065"/>
<SP HEIGHT="41" WIDTH="85" VPOS="3154" HPOS="4464"/>
<String CONTENT="See" HEIGHT="42" WIDTH="95" VPOS="3154" HPOS="4550"/>
</TextLine>
<TextLine HEIGHT="55" WIDTH="474" VPOS="3202" HPOS="3679">
<String CONTENT="MOORE," HEIGHT="54" WIDTH="198" VPOS="3202" HPOS="3679"/>
<SP HEIGHT="50" WIDTH="45" VPOS="3206" HPOS="3878"/>
<String CONTENT="JOHN" HEIGHT="42" WIDTH="137" VPOS="3206" HPOS="3924"/>
<SP HEIGHT="41" WIDTH="31" VPOS="3207" HPOS="4062"/>
<String CONTENT="A." HEIGHT="43" WIDTH="59" VPOS="3207" HPOS="4094"/>
</TextLine>
<TextLine HEIGHT="63" WIDTH="1278" VPOS="3268" HPOS="3604">
<String CONTENT="History" HEIGHT="54" WIDTH="242" VPOS="3268" HPOS="3604"/>
<SP HEIGHT="48" WIDTH="38" VPOS="3274" HPOS="3847"/>
<String CONTENT="in" HEIGHT="40" WIDTH="62" VPOS="3274" HPOS="3886"/>
<SP HEIGHT="40" WIDTH="36" VPOS="3275" HPOS="3949"/>
<String CONTENT="the" HEIGHT="41" WIDTH="98" VPOS="3275" HPOS="3986"/>
<SP HEIGHT="29" WIDTH="40" VPOS="3287" HPOS="4085"/>
<String CONTENT="study" HEIGHT="51" WIDTH="171" VPOS="3277" HPOS="4126"/>
<SP HEIGHT="38" WIDTH="36" VPOS="3290" HPOS="4298"/>
<String CONTENT="of" HEIGHT="38" WIDTH="63" VPOS="3281" HPOS="4335"/>
<SP HEIGHT="38" WIDTH="39" VPOS="3281" HPOS="4399"/>
<String CONTENT="suicide." HEIGHT="42" WIDTH="262" VPOS="3282" HPOS="4439"/>
<SP HEIGHT="39" WIDTH="79" VPOS="3286" HPOS="4702"/>
<String CONTENT="See" HEIGHT="41" WIDTH="100" VPOS="3286" HPOS="4782"/>
</TextLine>
<TextLine HEIGHT="52" WIDTH="473" VPOS="3329" HPOS="3674" CS="1">
<String CS="1" CONTENT="ROSEN," HEIGHT="42" WIDTH="170" VPOS="3329" HPOS="3674"/>
<SP HEIGHT="47" WIDTH="43" VPOS="3333" HPOS="3872"/>
<String CONTENT="GEORGE." HEIGHT="43" WIDTH="231" VPOS="3332" HPOS="3916"/>
</TextLine>
<TextLine HEIGHT="56" WIDTH="1137" VPOS="3390" HPOS="3631">
<String CONTENT="International" HEIGHT="47" WIDTH="445" VPOS="3390" HPOS="3631"/>
<SP HEIGHT="41" WIDTH="38" VPOS="3396" HPOS="4076"/>
<String CONTENT="administration:" HEIGHT="46" WIDTH="508" VPOS="3397" HPOS="4114"/>
<SP HEIGHT="41" WIDTH="49" VPOS="3403" HPOS="4622"/>
<String CONTENT="its" HEIGHT="42" WIDTH="97" VPOS="3404" HPOS="4671"/>
</TextLine>
<TextLine HEIGHT="61" WIDTH="896" VPOS="3451" HPOS="3701">
<String CONTENT="evolution" HEIGHT="43" WIDTH="308" VPOS="3451" HPOS="3701"/>
<SP HEIGHT="32" WIDTH="34" VPOS="3463" HPOS="4010"/>
<String CONTENT="and" HEIGHT="40" WIDTH="97" VPOS="3455" HPOS="4045"/>
<SP HEIGHT="41" WIDTH="41" VPOS="3455" HPOS="4143"/>
<String CONTENT="contemporary" HEIGHT="56" WIDTH="412" VPOS="3456" HPOS="4185"/>
</TextLine>
<TextLine HEIGHT="64" WIDTH="890" VPOS="3510" HPOS="3698" CS="1">
<String CONTENT="applications." HEIGHT="52" WIDTH="439" VPOS="3510" HPOS="3698"/>
<SP HEIGHT="42" WIDTH="79" VPOS="3517" HPOS="4138"/>
<String CONTENT="See" HEIGHT="41" WIDTH="98" VPOS="3517" HPOS="4218"/>
<SP HEIGHT="40" WIDTH="40" VPOS="3520" HPOS="4317"/>
<String CONTENT="JORDAN," HEIGHT="55" WIDTH="230" VPOS="3519" HPOS="4358"/>
</TextLine>
<TextLine HEIGHT="55" WIDTH="477" VPOS="3570" HPOS="3693">
<String CONTENT="ROBERT" HEIGHT="42" WIDTH="209" VPOS="3570" HPOS="3693"/>
<SP HEIGHT="39" WIDTH="36" VPOS="3572" HPOS="3903"/>
<String CONTENT="S.," HEIGHT="53" WIDTH="94" VPOS="3572" HPOS="3939"/>
<SP HEIGHT="41" WIDTH="46" VPOS="3584" HPOS="4033"/>
<String CONTENT="ed." HEIGHT="42" WIDTH="91" VPOS="3575" HPOS="4079"/>
</TextLine>
<TextLine HEIGHT="46" WIDTH="991" VPOS="3647" HPOS="3627">
<String CONTENT="The" HEIGHT="39" WIDTH="100" VPOS="3647" HPOS="3627"/>
<SP HEIGHT="38" WIDTH="35" VPOS="3648" HPOS="3728"/>
<String CONTENT="Jewish" HEIGHT="39" WIDTH="208" VPOS="3648" HPOS="3764"/>
<SP HEIGHT="38" WIDTH="32" VPOS="3649" HPOS="3973"/>
<String CONTENT="writer" HEIGHT="40" WIDTH="209" VPOS="3649" HPOS="4006"/>
<SP HEIGHT="39" WIDTH="39" VPOS="3651" HPOS="4216"/>
<String CONTENT="in" HEIGHT="38" WIDTH="63" VPOS="3652" HPOS="4256"/>
<SP HEIGHT="38" WIDTH="29" VPOS="3652" HPOS="4320"/>
<String CONTENT="America:" HEIGHT="41" WIDTH="268" VPOS="3652" HPOS="4350"/>
</TextLine>
<TextLine HEIGHT="49" WIDTH="1035" VPOS="3705" HPOS="3697">
<String CONTENT="assimilation" HEIGHT="44" WIDTH="414" VPOS="3705" HPOS="3697"/>
<SP HEIGHT="32" WIDTH="32" VPOS="3717" HPOS="4112"/>
<String CONTENT="and" HEIGHT="41" WIDTH="103" VPOS="3709" HPOS="4145"/>
<SP HEIGHT="40" WIDTH="38" VPOS="3710" HPOS="4249"/>
<String CONTENT="the" HEIGHT="40" WIDTH="96" VPOS="3710" HPOS="4288"/>
<SP HEIGHT="32" WIDTH="38" VPOS="3719" HPOS="4385"/>
<String CONTENT="crisis" HEIGHT="44" WIDTH="202" VPOS="3709" HPOS="4424"/>
<SP HEIGHT="33" WIDTH="39" VPOS="3721" HPOS="4627"/>
<String CONTENT="of" HEIGHT="42" WIDTH="65" VPOS="3712" HPOS="4667"/>
</TextLine>
<TextLine HEIGHT="61" WIDTH="1054" VPOS="3763" HPOS="3700">
<String CONTENT="identity." HEIGHT="53" WIDTH="295" VPOS="3763" HPOS="3700"/>
<SP HEIGHT="41" WIDTH="79" VPOS="3766" HPOS="3996"/>
<String CONTENT="See" HEIGHT="40" WIDTH="100" VPOS="3767" HPOS="4076"/>
<SP HEIGHT="40" WIDTH="38" VPOS="3767" HPOS="4177"/>
<String CONTENT="GUTTMANN," HEIGHT="56" WIDTH="297" VPOS="3767" HPOS="4216"/>
<SP HEIGHT="53" WIDTH="43" VPOS="3770" HPOS="4514"/>
<String CONTENT="ALLEN." HEIGHT="43" WIDTH="196" VPOS="3770" HPOS="4558"/>
</TextLine>
<TextLine HEIGHT="59" WIDTH="1246" VPOS="3822" HPOS="3622">
<String CONTENT="The" HEIGHT="38" WIDTH="100" VPOS="3827" HPOS="3622"/>
<SP HEIGHT="41" WIDTH="39" VPOS="3834" HPOS="3723"/>
<String CONTENT="journal" HEIGHT="51" WIDTH="237" VPOS="3825" HPOS="3763"/>
<SP HEIGHT="41" WIDTH="37" VPOS="3826" HPOS="4001"/>
<String CONTENT="and" HEIGHT="40" WIDTH="101" VPOS="3826" HPOS="4039"/>
<SP HEIGHT="40" WIDTH="32" VPOS="3826" HPOS="4141"/>
<String CONTENT="major" HEIGHT="52" WIDTH="174" VPOS="3826" HPOS="4174"/>
<SP HEIGHT="31" WIDTH="37" VPOS="3836" HPOS="4349"/>
<String CONTENT="essays" HEIGHT="44" WIDTH="199" VPOS="3834" HPOS="4387"/>
<SP HEIGHT="31" WIDTH="39" VPOS="3836" HPOS="4587"/>
<String CONTENT="of" HEIGHT="42" WIDTH="66" VPOS="3826" HPOS="4627"/>
<SP HEIGHT="42" WIDTH="34" VPOS="3827" HPOS="4694"/>
<String CONTENT="John" HEIGHT="43" WIDTH="139" VPOS="3827" HPOS="4729"/>
</TextLine>
<TextLine HEIGHT="60" WIDTH="960" VPOS="3880" HPOS="3688" CS="1">
<String CONTENT="Woolman." HEIGHT="42" WIDTH="270" VPOS="3882" HPOS="3688"/>
<SP HEIGHT="42" WIDTH="79" VPOS="3883" HPOS="3959"/>
<String CONTENT="See" HEIGHT="40" WIDTH="99" VPOS="3884" HPOS="4039"/>
<SP HEIGHT="40" WIDTH="32" VPOS="3884" HPOS="4139"/>
<String CS="1" CONTENT="WOOLMAN," HEIGHT="44" WIDTH="248" VPOS="3882" HPOS="4172"/>
<SP HEIGHT="53" WIDTH="44" VPOS="3886" HPOS="4443"/>
<String CONTENT="JOHN." HEIGHT="41" WIDTH="160" VPOS="3886" HPOS="4488"/>
</TextLine>
<TextLine HEIGHT="65" WIDTH="1279" VPOS="3947" HPOS="3634">
<String CONTENT="Kefauver:" HEIGHT="44" WIDTH="303" VPOS="3947" HPOS="3634"/>
<SP HEIGHT="33" WIDTH="43" VPOS="3959" HPOS="3938"/>
<String CONTENT="a" HEIGHT="31" WIDTH="33" VPOS="3961" HPOS="3982"/>
<SP HEIGHT="43" WIDTH="32" VPOS="3959" HPOS="4016"/>
<String CONTENT="political" HEIGHT="51" WIDTH="311" VPOS="3952" HPOS="4049"/>
<SP HEIGHT="41" WIDTH="37" VPOS="3955" HPOS="4361"/>
<String CONTENT="biography." HEIGHT="55" WIDTH="333" VPOS="3956" HPOS="4399"/>
<SP HEIGHT="40" WIDTH="80" VPOS="3961" HPOS="4733"/>
<String CONTENT="See" HEIGHT="42" WIDTH="99" VPOS="3961" HPOS="4814"/>
</TextLine>
<TextLine HEIGHT="48" WIDTH="717" VPOS="4007" HPOS="3706">
<String CONTENT="GORMAN," HEIGHT="46" WIDTH="232" VPOS="4007" HPOS="3706"/>
<SP HEIGHT="43" WIDTH="44" VPOS="4010" HPOS="3938"/>
<String CONTENT="JOSEPH" HEIGHT="37" WIDTH="204" VPOS="4009" HPOS="3982"/>
<SP HEIGHT="34" WIDTH="36" VPOS="4012" HPOS="4186"/>
<String CONTENT="BRUCE." HEIGHT="37" WIDTH="201" VPOS="4012" HPOS="4222"/>
</TextLine>
<TextLine HEIGHT="57" WIDTH="1132" VPOS="4070" HPOS="3611">
<String CONTENT="Literary" HEIGHT="50" WIDTH="271" VPOS="4072" HPOS="3611"/>
<SP HEIGHT="38" WIDTH="39" VPOS="4084" HPOS="3883"/>
<String CONTENT="style:" HEIGHT="51" WIDTH="193" VPOS="4073" HPOS="3923"/>
<SP HEIGHT="31" WIDTH="44" VPOS="4084" HPOS="4117"/>
<String CONTENT="a" HEIGHT="29" WIDTH="31" VPOS="4084" HPOS="4162"/>
<SP HEIGHT="30" WIDTH="41" VPOS="4084" HPOS="4194"/>
<String CONTENT="symposium." HEIGHT="52" WIDTH="331" VPOS="4073" HPOS="4236"/>
<SP HEIGHT="40" WIDTH="79" VPOS="4075" HPOS="4568"/>
<String CONTENT="See" HEIGHT="39" WIDTH="95" VPOS="4076" HPOS="4648"/>
</TextLine>
<TextLine HEIGHT="54" WIDTH="574" VPOS="4130" HPOS="3680">
<String CONTENT="CHATMAN," HEIGHT="52" WIDTH="266" VPOS="4130" HPOS="3680"/>
<SP HEIGHT="50" WIDTH="41" VPOS="4132" HPOS="3947"/>
<String CONTENT="SEYMOUR." HEIGHT="42" WIDTH="265" VPOS="4132" HPOS="3989"/>
</TextLine>
<TextLine HEIGHT="56" WIDTH="1070" VPOS="4195" HPOS="3626" CS="1">
<String CONTENT="Man," HEIGHT="51" WIDTH="128" VPOS="4195" HPOS="3626"/>
<SP HEIGHT="41" WIDTH="50" VPOS="4205" HPOS="3754"/>
<String CS="1" CONTENT="culture," HEIGHT="44" WIDTH="234" VPOS="4195" HPOS="3804"/>
<SP HEIGHT="41" WIDTH="47" VPOS="4207" HPOS="4066"/>
<String CONTENT="and" HEIGHT="39" WIDTH="99" VPOS="4199" HPOS="4114"/>
<SP HEIGHT="40" WIDTH="39" VPOS="4199" HPOS="4214"/>
<String CONTENT="society." HEIGHT="51" WIDTH="264" VPOS="4199" HPOS="4253"/>
<SP HEIGHT="42" WIDTH="80" VPOS="4202" HPOS="4517"/>
<String CONTENT="See" HEIGHT="41" WIDTH="99" VPOS="4202" HPOS="4597"/>
</TextLine>
<TextLine HEIGHT="57" WIDTH="749" VPOS="4253" HPOS="3698">
<String CONTENT="SHAPIRO," HEIGHT="53" WIDTH="265" VPOS="4253" HPOS="3698"/>
<SP HEIGHT="50" WIDTH="42" VPOS="4256" HPOS="3964"/>
<String CONTENT="HARRY" HEIGHT="42" WIDTH="175" VPOS="4255" HPOS="4007"/>
<SP HEIGHT="39" WIDTH="34" VPOS="4258" HPOS="4183"/>
<String CONTENT="L.," HEIGHT="51" WIDTH="91" VPOS="4258" HPOS="4218"/>
<SP HEIGHT="41" WIDTH="46" VPOS="4268" HPOS="4310"/>
<String CONTENT="ed." HEIGHT="42" WIDTH="90" VPOS="4258" HPOS="4357"/>
</TextLine>
<TextLine HEIGHT="51" WIDTH="1168" VPOS="4322" HPOS="3604">
<String CONTENT="North" HEIGHT="40" WIDTH="170" VPOS="4322" HPOS="3604"/>
<SP HEIGHT="41" WIDTH="31" VPOS="4322" HPOS="3775"/>
<String CONTENT="America" HEIGHT="40" WIDTH="242" VPOS="4325" HPOS="3807"/>
<SP HEIGHT="37" WIDTH="39" VPOS="4328" HPOS="4050"/>
<String CONTENT="divided:" HEIGHT="44" WIDTH="261" VPOS="4327" HPOS="4090"/>
<SP HEIGHT="40" WIDTH="49" VPOS="4331" HPOS="4352"/>
<String CONTENT="the" HEIGHT="39" WIDTH="93" VPOS="4330" HPOS="4402"/>
<SP HEIGHT="38" WIDTH="39" VPOS="4334" HPOS="4496"/>
<String CONTENT="Mexican" HEIGHT="42" WIDTH="236" VPOS="4331" HPOS="4536"/>
</TextLine>
<TextLine HEIGHT="68" WIDTH="957" VPOS="4374" HPOS="3670" CS="1">
<String CS="1" CONTENT="War," HEIGHT="39" WIDTH="102" VPOS="4382" HPOS="3670"/>
<SP HEIGHT="50" WIDTH="49" VPOS="4381" HPOS="3799"/>
<String CONTENT="1846-1848." HEIGHT="49" WIDTH="328" VPOS="4375" HPOS="3849"/>
<SP HEIGHT="41" WIDTH="82" VPOS="4386" HPOS="4178"/>
<String CONTENT="See" HEIGHT="40" WIDTH="96" VPOS="4387" HPOS="4261"/>
<SP HEIGHT="37" WIDTH="40" VPOS="4390" HPOS="4358"/>
<String CONTENT="CONNOR," HEIGHT="52" WIDTH="228" VPOS="4390" HPOS="4399"/>
</TextLine>
<TextLine HEIGHT="44" WIDTH="334" VPOS="4439" HPOS="3673">
<String CONTENT="SEYMOUR" HEIGHT="41" WIDTH="240" VPOS="4439" HPOS="3673"/>
<SP HEIGHT="39" WIDTH="33" VPOS="4442" HPOS="3913"/>
<String CONTENT="V." HEIGHT="41" WIDTH="61" VPOS="4442" HPOS="3946"/>
</TextLine>
<TextLine HEIGHT="60" WIDTH="1164" VPOS="4499" HPOS="3613">
<String CONTENT="Persistent" HEIGHT="42" WIDTH="340" VPOS="4499" HPOS="3613"/>
<SP HEIGHT="51" WIDTH="37" VPOS="4501" HPOS="3954"/>
<String CONTENT="poverty." HEIGHT="51" WIDTH="265" VPOS="4503" HPOS="3992"/>
<SP HEIGHT="40" WIDTH="80" VPOS="4505" HPOS="4258"/>
<String CONTENT="See" HEIGHT="40" WIDTH="99" VPOS="4505" HPOS="4339"/>
<SP HEIGHT="39" WIDTH="37" VPOS="4506" HPOS="4439"/>
<String CONTENT="BECKFORD," HEIGHT="53" WIDTH="300" VPOS="4506" HPOS="4477"/>
</TextLine>
<TextLine HEIGHT="42" WIDTH="297" VPOS="4559" HPOS="3682">
<String CONTENT="GEORGE" HEIGHT="41" WIDTH="206" VPOS="4559" HPOS="3682"/>
<SP HEIGHT="39" WIDTH="35" VPOS="4561" HPOS="3889"/>
<String CONTENT="L." HEIGHT="40" WIDTH="54" VPOS="4561" HPOS="3925"/>
</TextLine>
<TextLine HEIGHT="57" WIDTH="1204" VPOS="4619" HPOS="3608">
<String CONTENT="Philosophy" HEIGHT="52" WIDTH="341" VPOS="4619" HPOS="3608"/>
<SP HEIGHT="50" WIDTH="36" VPOS="4621" HPOS="3949"/>
<String CONTENT="&amp;" HEIGHT="40" WIDTH="32" VPOS="4621" HPOS="3985"/>
<SP HEIGHT="51" WIDTH="39" VPOS="4622" HPOS="4017"/>
<String CONTENT="political" HEIGHT="50" WIDTH="309" VPOS="4624" HPOS="4056"/>
<SP HEIGHT="39" WIDTH="40" VPOS="4625" HPOS="4365"/>
<String CONTENT="action." HEIGHT="43" WIDTH="225" VPOS="4624" HPOS="4405"/>
<SP HEIGHT="41" WIDTH="85" VPOS="4627" HPOS="4630"/>
<String CONTENT="See" HEIGHT="40" WIDTH="97" VPOS="4628" HPOS="4715"/>
</TextLine>
<TextLine HEIGHT="53" WIDTH="506" VPOS="4678" HPOS="3676" CS="1">
<String CS="1" CONTENT="HELD," HEIGHT="40" WIDTH="137" VPOS="4679" HPOS="3676"/>
<SP HEIGHT="51" WIDTH="43" VPOS="4679" HPOS="3838"/>
<String CONTENT="VIRGINIA." HEIGHT="43" WIDTH="300" VPOS="4679" HPOS="3882"/>
</TextLine>
<TextLine HEIGHT="61" WIDTH="1134" VPOS="4743" HPOS="3630">
<String CONTENT="The" HEIGHT="40" WIDTH="97" VPOS="4750" HPOS="3630"/>
<SP HEIGHT="40" WIDTH="37" VPOS="4759" HPOS="3728"/>
<String CONTENT="plain" HEIGHT="51" WIDTH="172" VPOS="4749" HPOS="3766"/>
<SP HEIGHT="39" WIDTH="34" VPOS="4760" HPOS="3939"/>
<String CONTENT="people" HEIGHT="51" WIDTH="202" VPOS="4750" HPOS="3974"/>
<SP HEIGHT="32" WIDTH="38" VPOS="4760" HPOS="4177"/>
<String CONTENT="of" HEIGHT="43" WIDTH="66" VPOS="4750" HPOS="4216"/>
<SP HEIGHT="41" WIDTH="37" VPOS="4751" HPOS="4283"/>
<String CONTENT="Boston," HEIGHT="51" WIDTH="230" VPOS="4752" HPOS="4321"/>
<SP HEIGHT="49" WIDTH="46" VPOS="4754" HPOS="4552"/>
<String CONTENT="1830-" HEIGHT="55" WIDTH="165" VPOS="4747" HPOS="4599"/>
</TextLine>
<TextLine HEIGHT="64" WIDTH="1171" VPOS="4799" HPOS="3698">
<String CONTENT="1860:" HEIGHT="49" WIDTH="160" VPOS="4799" HPOS="3698"/>
<SP HEIGHT="30" WIDTH="47" VPOS="4817" HPOS="3859"/>
<String CONTENT="a" HEIGHT="30" WIDTH="31" VPOS="4817" HPOS="3907"/>
<SP HEIGHT="31" WIDTH="37" VPOS="4817" HPOS="3939"/>
<String CONTENT="study" HEIGHT="52" WIDTH="167" VPOS="4807" HPOS="3977"/>
<SP HEIGHT="50" WIDTH="36" VPOS="4809" HPOS="4145"/>
<String CONTENT="in" HEIGHT="41" WIDTH="67" VPOS="4809" HPOS="4182"/>
<SP HEIGHT="31" WIDTH="37" VPOS="4819" HPOS="4250"/>
<String CONTENT="city" HEIGHT="49" WIDTH="135" VPOS="4810" HPOS="4288"/>
<SP HEIGHT="42" WIDTH="33" VPOS="4819" HPOS="4424"/>
<String CONTENT="growth." HEIGHT="50" WIDTH="232" VPOS="4812" HPOS="4458"/>
<SP HEIGHT="40" WIDTH="79" VPOS="4813" HPOS="4691"/>
<String CONTENT="See" HEIGHT="40" WIDTH="98" VPOS="4813" HPOS="4771"/>
</TextLine>
<TextLine HEIGHT="59" WIDTH="576" VPOS="4862" HPOS="3700">
<String CONTENT="KNIGHTS," HEIGHT="56" WIDTH="262" VPOS="4863" HPOS="3700"/>
<SP HEIGHT="55" WIDTH="48" VPOS="4864" HPOS="3963"/>
<String CONTENT="PETER" HEIGHT="44" WIDTH="166" VPOS="4863" HPOS="4012"/>
<SP HEIGHT="42" WIDTH="34" VPOS="4865" HPOS="4178"/>
<String CONTENT="R." HEIGHT="45" WIDTH="62" VPOS="4865" HPOS="4213"/>
</TextLine>
<TextLine HEIGHT="55" WIDTH="1238" VPOS="4927" HPOS="3604">
<String CONTENT="Representative" HEIGHT="51" WIDTH="478" VPOS="4927" HPOS="3604"/>
<SP HEIGHT="39" WIDTH="39" VPOS="4930" HPOS="4083"/>
<String CONTENT="Spanish" HEIGHT="51" WIDTH="240" VPOS="4929" HPOS="4123"/>
<SP HEIGHT="38" WIDTH="36" VPOS="4932" HPOS="4364"/>
<String CONTENT="authors." HEIGHT="43" WIDTH="262" VPOS="4931" HPOS="4401"/>
<SP HEIGHT="41" WIDTH="80" VPOS="4933" HPOS="4664"/>
<String CONTENT="See" HEIGHT="40" WIDTH="97" VPOS="4933" HPOS="4745"/>
</TextLine>
<TextLine HEIGHT="56" WIDTH="641" VPOS="4986" HPOS="3675">
<String CONTENT="PATTISON," HEIGHT="54" WIDTH="298" VPOS="4986" HPOS="3675"/>
<SP HEIGHT="54" WIDTH="40" VPOS="4987" HPOS="3974"/>
<String CONTENT="WALTER" HEIGHT="43" WIDTH="209" VPOS="4988" HPOS="4015"/>
<SP HEIGHT="40" WIDTH="36" VPOS="4989" HPOS="4225"/>
<String CONTENT="T." HEIGHT="42" WIDTH="54" VPOS="4991" HPOS="4262"/>
</TextLine>
<TextLine HEIGHT="51" WIDTH="1002" VPOS="5054" HPOS="3610">
<String CONTENT="The" HEIGHT="39" WIDTH="101" VPOS="5054" HPOS="3610"/>
<SP HEIGHT="30" WIDTH="41" VPOS="5063" HPOS="3711"/>
<String CONTENT="rich" HEIGHT="40" WIDTH="135" VPOS="5055" HPOS="3752"/>
<SP HEIGHT="40" WIDTH="34" VPOS="5056" HPOS="3887"/>
<String CONTENT="man's" HEIGHT="42" WIDTH="169" VPOS="5056" HPOS="3921"/>
<SP HEIGHT="40" WIDTH="39" VPOS="5059" HPOS="4090"/>
<String CONTENT="burden" HEIGHT="42" WIDTH="206" VPOS="5059" HPOS="4129"/>
<SP HEIGHT="31" WIDTH="40" VPOS="5071" HPOS="4335"/>
<String CONTENT="and" HEIGHT="41" WIDTH="97" VPOS="5062" HPOS="4375"/>
<SP HEIGHT="40" WIDTH="37" VPOS="5063" HPOS="4472"/>
<String CONTENT="how" HEIGHT="41" WIDTH="103" VPOS="5064" HPOS="4509"/>
</TextLine>
<TextLine HEIGHT="57" WIDTH="956" VPOS="5110" HPOS="3679">
<String CONTENT="Andrew" HEIGHT="43" WIDTH="207" VPOS="5110" HPOS="3679"/>
<SP HEIGHT="39" WIDTH="36" VPOS="5114" HPOS="3887"/>
<String CONTENT="Carnegie" HEIGHT="51" WIDTH="268" VPOS="5114" HPOS="3924"/>
<SP HEIGHT="31" WIDTH="38" VPOS="5126" HPOS="4193"/>
<String CONTENT="unloaded" HEIGHT="42" WIDTH="273" VPOS="5118" HPOS="4232"/>
<SP HEIGHT="41" WIDTH="39" VPOS="5120" HPOS="4506"/>
<String CONTENT="it." HEIGHT="42" WIDTH="89" VPOS="5120" HPOS="4546"/>
</TextLine>
<TextLine HEIGHT="57" WIDTH="851" VPOS="5167" HPOS="3680">
<String CONTENT="See" HEIGHT="41" WIDTH="98" VPOS="5167" HPOS="3680"/>
<SP HEIGHT="42" WIDTH="34" VPOS="5167" HPOS="3779"/>
<String CONTENT="WALL," HEIGHT="53" WIDTH="165" VPOS="5168" HPOS="3814"/>
<SP HEIGHT="52" WIDTH="41" VPOS="5170" HPOS="3980"/>
<String CONTENT="JOSEPH" HEIGHT="44" WIDTH="208" VPOS="5170" HPOS="4022"/>
<SP HEIGHT="40" WIDTH="34" VPOS="5174" HPOS="4231"/>
<String CONTENT="FRAZIER." HEIGHT="46" WIDTH="265" VPOS="5173" HPOS="4266"/>
</TextLine>
<TextLine HEIGHT="114" WIDTH="1204" VPOS="5237" HPOS="3634" CS="1">
<String CONTENT="Southwest:" HEIGHT="45" WIDTH="328" VPOS="5237" HPOS="3634"/>
<SP HEIGHT="43" WIDTH="49" VPOS="5239" HPOS="3962"/>
<String CONTENT="three" HEIGHT="44" WIDTH="166" VPOS="5238" HPOS="4012"/>
<SP HEIGHT="39" WIDTH="38" VPOS="5251" HPOS="4178"/>
<String CONTENT="peoples" HEIGHT="53" WIDTH="239" VPOS="5240" HPOS="4216"/>
<SP HEIGHT="42" WIDTH="42" VPOS="5243" HPOS="4455"/>
<String CONTENT="in" HEIGHT="42" WIDTH="65" VPOS="5243" HPOS="4497"/>
<SP HEIGHT="40" WIDTH="39" VPOS="5253" HPOS="4562"/>
<String CONTENT="geographical" HEIGHT="99" WIDTH="998" VPOS="5250" HPOS="3701"/>
<SP HEIGHT="40" WIDTH="38" VPOS="5297" HPOS="4007"/>
<String CONTENT="change," HEIGHT="52" WIDTH="230" VPOS="5297" HPOS="4046"/>
<SP HEIGHT="49" WIDTH="44" VPOS="5300" HPOS="4277"/>
<String CONTENT="1600-1970." HEIGHT="58" WIDTH="334" VPOS="5291" HPOS="4322"/>
<SP HEIGHT="40" WIDTH="83" VPOS="5303" HPOS="4657"/>
<String CONTENT="See" HEIGHT="40" WIDTH="96" VPOS="5303" HPOS="4741"/>
</TextLine>
<TextLine HEIGHT="53" WIDTH="436" VPOS="5353" HPOS="3698">
<String CONTENT="MEINIG," HEIGHT="52" WIDTH="232" VPOS="5353" HPOS="3698"/>
<SP HEIGHT="51" WIDTH="43" VPOS="5354" HPOS="3931"/>
<String CONTENT="D." HEIGHT="43" WIDTH="55" VPOS="5354" HPOS="3975"/>
<SP HEIGHT="41" WIDTH="45" VPOS="5356" HPOS="4031"/>
<String CONTENT="W." HEIGHT="41" WIDTH="57" VPOS="5356" HPOS="4077"/>
</TextLine>
<TextLine HEIGHT="109" WIDTH="1163" VPOS="5426" HPOS="3604" CS="1">
<String CONTENT="The" HEIGHT="40" WIDTH="100" VPOS="5426" HPOS="3605"/>
<SP HEIGHT="41" WIDTH="39" VPOS="5427" HPOS="3706"/>
<String CONTENT="States" HEIGHT="42" WIDTH="199" VPOS="5427" HPOS="3746"/>
<SP HEIGHT="29" WIDTH="41" VPOS="5439" HPOS="3946"/>
<String CONTENT="rights" HEIGHT="51" WIDTH="199" VPOS="5429" HPOS="3988"/>
<SP HEIGHT="39" WIDTH="42" VPOS="5432" HPOS="4188"/>
<String CONTENT="debate:" HEIGHT="43" WIDTH="225" VPOS="5432" HPOS="4231"/>
<SP HEIGHT="31" WIDTH="50" VPOS="5444" HPOS="4457"/>
<String CONTENT="antifederalism" HEIGHT="99" WIDTH="961" VPOS="5431" HPOS="3677"/>
<SP HEIGHT="28" WIDTH="38" VPOS="5498" HPOS="4018"/>
<String CONTENT="and" HEIGHT="39" WIDTH="97" VPOS="5489" HPOS="4057"/>
<SP HEIGHT="39" WIDTH="41" VPOS="5489" HPOS="4154"/>
<String CONTENT="the" HEIGHT="40" WIDTH="97" VPOS="5489" HPOS="4195"/>
<SP HEIGHT="40" WIDTH="41" VPOS="5492" HPOS="4292"/>
<String CONTENT="Constitution." HEIGHT="44" WIDTH="434" VPOS="5491" HPOS="4333"/>
</TextLine>
<TextLine HEIGHT="62" WIDTH="1021" VPOS="5543" HPOS="3676" CS="1">
<String CONTENT="See" HEIGHT="40" WIDTH="96" VPOS="5543" HPOS="3676"/>
<SP HEIGHT="40" WIDTH="36" VPOS="5544" HPOS="3773"/>
<String CONTENT="MASON," HEIGHT="55" WIDTH="196" VPOS="5544" HPOS="3810"/>
<SP HEIGHT="53" WIDTH="47" VPOS="5547" HPOS="4007"/>
<String CONTENT="ALPHEUS" HEIGHT="41" WIDTH="236" VPOS="5548" HPOS="4055"/>
<SP HEIGHT="42" WIDTH="37" VPOS="5549" HPOS="4292"/>
<String CS="1" CONTENT="THOMAS," HEIGHT="42" WIDTH="204" VPOS="5550" HPOS="4330"/>
<SP HEIGHT="41" WIDTH="47" VPOS="5563" HPOS="4561"/>
<String CONTENT="ed." HEIGHT="41" WIDTH="88" VPOS="5553" HPOS="4609"/>
</TextLine>
<TextLine HEIGHT="57" WIDTH="1029" VPOS="5609" HPOS="3601">
<String CONTENT="Synopsis" HEIGHT="52" WIDTH="268" VPOS="5611" HPOS="3601"/>
<SP HEIGHT="30" WIDTH="39" VPOS="5622" HPOS="3870"/>
<String CONTENT="of" HEIGHT="38" WIDTH="66" VPOS="5614" HPOS="3910"/>
<SP HEIGHT="39" WIDTH="35" VPOS="5614" HPOS="3977"/>
<String CONTENT="neuroanatomy." HEIGHT="54" WIDTH="435" VPOS="5611" HPOS="4013"/>
<SP HEIGHT="40" WIDTH="84" VPOS="5615" HPOS="4449"/>
<String CONTENT="See" HEIGHT="40" WIDTH="96" VPOS="5615" HPOS="4534"/>
</TextLine>
<TextLine HEIGHT="57" WIDTH="575" VPOS="5668" HPOS="3665">
<String CONTENT="MATZKE," HEIGHT="54" WIDTH="233" VPOS="5669" HPOS="3665"/>
<SP HEIGHT="52" WIDTH="45" VPOS="5671" HPOS="3898"/>
<String CONTENT="HOWARD" HEIGHT="42" WIDTH="207" VPOS="5670" HPOS="3943"/>
<SP HEIGHT="40" WIDTH="36" VPOS="5670" HPOS="4150"/>
<String CONTENT="A." HEIGHT="41" WIDTH="54" VPOS="5670" HPOS="4186"/>
</TextLine>
<TextLine HEIGHT="67" WIDTH="1028" VPOS="5723" HPOS="3601">
<String CONTENT="Teacher's" HEIGHT="43" WIDTH="306" VPOS="5736" HPOS="3601"/>
<SP HEIGHT="41" WIDTH="40" VPOS="5746" HPOS="3908"/>
<String CONTENT="guide" HEIGHT="53" WIDTH="168" VPOS="5735" HPOS="3949"/>
<SP HEIGHT="40" WIDTH="39" VPOS="5737" HPOS="4118"/>
<String CONTENT="for" HEIGHT="40" WIDTH="100" VPOS="5737" HPOS="4158"/>
<SP HEIGHT="40" WIDTH="31" VPOS="5737" HPOS="4259"/>
<String CONTENT="William" HEIGHT="52" WIDTH="242" VPOS="5726" HPOS="4291"/>
<SP HEIGHT="39" WIDTH="35" VPOS="5738" HPOS="4534"/>
<String CONTENT="H." HEIGHT="39" WIDTH="59" VPOS="5738" HPOS="4570"/>
</TextLine>
<TextLine HEIGHT="54" WIDTH="1070" VPOS="5790" HPOS="3670">
<String CONTENT="McNeill's" HEIGHT="43" WIDTH="307" VPOS="5793" HPOS="3670"/>
<SP HEIGHT="40" WIDTH="39" VPOS="5794" HPOS="3978"/>
<String CONTENT="A" HEIGHT="39" WIDTH="34" VPOS="5795" HPOS="4018"/>
<SP HEIGHT="39" WIDTH="30" VPOS="5795" HPOS="4053"/>
<String CONTENT="world" HEIGHT="40" WIDTH="168" VPOS="5795" HPOS="4084"/>
<SP HEIGHT="39" WIDTH="38" VPOS="5795" HPOS="4253"/>
<String CONTENT="history." HEIGHT="49" WIDTH="266" VPOS="5794" HPOS="4292"/>
<SP HEIGHT="41" WIDTH="80" VPOS="5794" HPOS="4559"/>
<String CONTENT="See" HEIGHT="39" WIDTH="100" VPOS="5795" HPOS="4640"/>
</TextLine>
<TextLine HEIGHT="55" WIDTH="504" VPOS="5850" HPOS="3675">
<String CONTENT="CARSON," HEIGHT="53" WIDTH="228" VPOS="5851" HPOS="3675"/>
<SP HEIGHT="50" WIDTH="44" VPOS="5854" HPOS="3904"/>
<String CONTENT="JOHN" HEIGHT="42" WIDTH="135" VPOS="5852" HPOS="3949"/>
<SP HEIGHT="40" WIDTH="32" VPOS="5852" HPOS="4085"/>
<String CONTENT="W." HEIGHT="42" WIDTH="61" VPOS="5852" HPOS="4118"/>
</TextLine>
<TextLine HEIGHT="56" WIDTH="1100" VPOS="5918" HPOS="3602">
<String CONTENT="Textbook" HEIGHT="41" WIDTH="275" VPOS="5918" HPOS="3602"/>
<SP HEIGHT="40" WIDTH="34" VPOS="5920" HPOS="3878"/>
<String CONTENT="of" HEIGHT="41" WIDTH="66" VPOS="5919" HPOS="3913"/>
<SP HEIGHT="41" WIDTH="40" VPOS="5919" HPOS="3980"/>
<String CONTENT="human" HEIGHT="41" WIDTH="165" VPOS="5921" HPOS="4021"/>
<SP HEIGHT="43" WIDTH="36" VPOS="5929" HPOS="4187"/>
<String CONTENT="genetics." HEIGHT="51" WIDTH="298" VPOS="5922" HPOS="4224"/>
<SP HEIGHT="42" WIDTH="80" VPOS="5924" HPOS="4523"/>
<String CONTENT="See" HEIGHT="40" WIDTH="98" VPOS="5924" HPOS="4604"/>
</TextLine>
<TextLine HEIGHT="54" WIDTH="436" VPOS="5976" HPOS="3670">
<String CONTENT="LEVITAN," HEIGHT="53" WIDTH="267" VPOS="5976" HPOS="3670"/>
<SP HEIGHT="50" WIDTH="40" VPOS="5979" HPOS="3938"/>
<String CONTENT="MAX." HEIGHT="42" WIDTH="127" VPOS="5977" HPOS="3979"/>
</TextLine>
<TextLine HEIGHT="62" WIDTH="1301" VPOS="6038" HPOS="3592">
<String CONTENT="This" HEIGHT="43" WIDTH="134" VPOS="6038" HPOS="3592"/>
<SP HEIGHT="30" WIDTH="41" VPOS="6050" HPOS="3727"/>
<String CONTENT="sacred" HEIGHT="43" WIDTH="201" VPOS="6040" HPOS="3769"/>
<SP HEIGHT="43" WIDTH="37" VPOS="6040" HPOS="3971"/>
<String CONTENT="trust." HEIGHT="43" WIDTH="191" VPOS="6041" HPOS="4009"/>
<SP HEIGHT="43" WIDTH="86" VPOS="6042" HPOS="4201"/>
<String CONTENT="See" HEIGHT="41" WIDTH="96" VPOS="6043" HPOS="4288"/>
<SP HEIGHT="41" WIDTH="38" VPOS="6044" HPOS="4385"/>
<String CONTENT="NAGEL," HEIGHT="56" WIDTH="194" VPOS="6042" HPOS="4424"/>
<SP HEIGHT="54" WIDTH="44" VPOS="6045" HPOS="4619"/>
<String CONTENT="PAUL" HEIGHT="43" WIDTH="136" VPOS="6044" HPOS="4664"/>
<SP HEIGHT="42" WIDTH="37" VPOS="6046" HPOS="4801"/>
<String CONTENT="C." HEIGHT="44" WIDTH="54" VPOS="6046" HPOS="4839"/>
</TextLine>
<TextLine HEIGHT="106" WIDTH="1063" VPOS="6096" HPOS="3622" CS="1">
<String CONTENT="Tobias" HEIGHT="44" WIDTH="201" VPOS="6100" HPOS="3622"/>
<SP HEIGHT="42" WIDTH="42" VPOS="6101" HPOS="3823"/>
<String CONTENT="Smollett." HEIGHT="45" WIDTH="301" VPOS="6099" HPOS="3865"/>
<SP HEIGHT="45" WIDTH="80" VPOS="6100" HPOS="4166"/>
<String CONTENT="See" HEIGHT="41" WIDTH="98" VPOS="6101" HPOS="4246"/>
<SP HEIGHT="41" WIDTH="35" VPOS="6101" HPOS="4344"/>
<String CONTENT="ROUSSEAU," HEIGHT="56" WIDTH="306" VPOS="6099" HPOS="4379"/>
<SP/>
<String CONTENT="G." HEIGHT="38" WIDTH="57" VPOS="6159" HPOS="3692"/>
<SP HEIGHT="40" WIDTH="47" VPOS="6157" HPOS="3750"/>
<String CONTENT="S." HEIGHT="40" WIDTH="55" VPOS="6157" HPOS="3798"/>
</TextLine>
</TextBlock>
</PrintSpace>
</Page>
</Layout>
</alto>