5012 6582
4569 373 87 49 681

329 643 261 42 Rollins.
674 642 101 40 New
812 640 158 48 York,
1021 639 201 49 Harper
1258 637 32 36 &
1331 636 122 40 Row.

328 694 65 51 80
432 713 56 42 p.
566 701 38 39 ©
642 701 200 51 Harper
880 698 32 38 &
953 698 121 50 Row,
1124 695 363 50 Publishers,

331 764 159 47 Inc.;
541 763 225 44 2Jan73;
812 750 263 55 A428550.

252 880 207 39 HARPER
491 880 32 36 &
563 880 101 39 ROW
697 879 376 40 MATHEMATICS
1111 878 264 40 MODULES.

321 937 96 39 The
462 934 199 50 system
700 934 63 39 of
803 935 165 38 whole
1010 934 260 51 numbers,
1321 937 63 47 by

318 994 241 49 Anthony
596 995 55 40 J.
701 994 398 49 Pettofrezzo,
1150 994 233 39 Francis
1426 994 53 42 R.

319 1053 193 49 Brown,
560 1054 167 37 James
769 1052 54 41 W.
873 1053 261 47 Heddens,
1183 1053 201 39 Donald
1423 1052 56 41 W.

320 1110 193 51 Hight,
562 1111 234 39 Charles
838 1111 54 40 F.
943 1111 200 39 Howard
1181 1109 32 38 &
1250 1111 168 39 James
1459 1111 54 41 H.

320 1168 261 45 Rollins.
667 1170 101 40 New
803 1171 158 48 York,
1012 1169 202 50 Harper
1251 1169 31 38 &
1322 1170 122 42 Row.

322 1228 62 46 64
423 1237 55 39 p.
557 1228 38 37 ©
631 1228 203 49 Harper
871 1228 33 36 &
943 1228 122 49 Row,
1116 1228 363 48 Publishers,

322 1285 158 50 Inc.;
531 1287 225 49 2Jan73;
803 1278 262 56 A428548.

256 1390 201 42 HARPER
496 1393 32 39 &
563 1390 126 54 ROW,
736 1391 367 53 PUBLISHERS,
1150 1393 123 42 INC.

319 1450 170 42 Acute
529 1450 470 51 cholecystitis.
1081 1450 97 41 See
1220 1450 228 53 SCHEIN,

394 1510 267 39 CLARENCE
703 1510 55 42 J.

325 1593 97 34 The
461 1588 276 39 American
779 1588 290 49 republic:
1123 1588 93 39 its
394 1598 1068 86 government
569 1644 95 40 and
705 1645 297 49 politics.
1089 1645 94 41 See
1225 1642 264 54 ODEGARD,

396 1702 169 42 PETER
601 1704 57 40 H.

343 1772 239 37 Answers
626 1769 61 39 to
730 1768 442 40 even-numbered
1212 1768 99 41 and

418 1828 168 41 other
628 1828 269 40 selected
938 1829 301 40 exercises
1283 1831 62 38 to

418 1897 306 40 accompany
764 1888 341 50 Elementary
1142 1888 377 50 probability

419 1947 227 48 theory.
730 1945 96 39 See
867 1943 264 53 HAUSNER,
1175 1946 230 41 MELVIN.

320 2020 98 39 The
460 2021 93 38 art
599 2022 62 37 of
704 2023 133 47 play
877 2023 364 45 production.
1326 2025 94 37 See

391 2078 230 53 DOLMAN,
668 2080 161 50 JOHN,
875 2083 89 38 JR.

327 2153 168 41 Atlas
538 2153 64 40 of
642 2153 503 49 neuropathology.
1228 2152 95 39 See

400 2212 195 51 ZACKS,
643 2212 202 38 SUMNER
884 2211 53 41 I.

331 2284 160 42 Codes
533 2285 99 40 and
673 2284 540 42 classifications.
1294 2284 98 49 309
1430 2295 59 40 p.

406 2337 123 58 (New
568 2341 337 42 directions
949 2341 65 41 in
1052 2335 267 59 English)

395 2399 92 41 NM:
534 2398 305 42 editorial
880 2397 378 43 revisions.&
1294 2398 195 43 illus.

390 2455 39 40 ©
464 2458 203 49 Harper
707 2455 32 39 &
775 2457 127 51 Row,
952 2457 365 50 Publishers,
1367 2458 156 49 Inc.;

395 2513 228 52 2Jan73;
672 2505 265 59 A436795.

322 2599 96 39 The
463 2600 270 40 colonial
773 2601 225 49 legacy.
1081 2605 96 38 See
1220 2606 193 50 LEDER,

391 2658 272 42 LAWRENCE
701 2662 92 49 H.,
841 2662 87 39 ed.

320 2738 200 37 Contes
559 2737 300 39 modernes.
942 2736 97 40 See
1080 2735 135 42 YALE

388 2792 368 44 UNIVERSITY.
838 2794 161 44 DEPT.
1046 2796 66 40 OF
1149 2797 230 44 FRENCH.

327 2879 97 43 The
466 2882 267 41 creative
778 2883 238 49 reading
1051 2893 264 41 program.
1398 2884 97 40 See

395 2939 196 53 STOWE,
635 2941 206 40 ELAINE
880 2944 54 39 H.

320 3012 98 39 The
460 3013 198 41 crisis
702 3016 160 42 team.
943 3018 96 39 See
1083 3019 157 51 LIEB,
1288 3019 226 44 JULIAN.

346 3106 270 42 Critical
658 3106 234 48 reading
935 3105 224 40 skills.
1240 3106 99 39 See
1382 3104 158 51 LONG,

413 3166 230 40 SHARON.

340 3232 203 42 Dermal
581 3236 332 50 pathology.
997 3236 96 41 See
1135 3235 231 56 GRAHAM,

412 3295 165 42 JAMES
616 3299 59 41 H.

334 3371 372 41 Differences
748 3370 99 40 and
887 3370 401 42 discoveries.
1369 3369 100 47 310
1507 3379 58 40 p.

413 3424 124 59 (New
576 3427 336 42 directions
956 3428 65 41 in
1059 3421 267 60 English)

403 3489 93 39 NM:
541 3487 333 50 additions,
922 3487 303 38 revisions
1267 3485 33 37 &
405 3485 1169 103 compilation.
640 3544 39 39 ©
715 3546 201 49 Harper
957 3542 32 40 &
1027 3545 124 50 Row,
1201 3543 364 50 Publishers,

408 3605 154 51 Inc.;
611 3602 229 53 2Jan73;
887 3593 264 59 A436794.

325 3682 104 41 ECG
467 3681 328 51 diagnosis:
847 3681 132 40 self
1021 3682 362 43 assessment.

396 3739 99 42 See
535 3739 194 52 CHUNG,
773 3740 207 40 EDWARD
1017 3739 55 44 K.

332 3822 339 40 Essentials
715 3820 63 40 of
816 3820 204 40 modern
1057 3819 264 50 physics.
1405 3819 95 39 See

400 3879 233 52 ACOSTA,
679 3879 297 40 VTRGILIO.

334 3959 98 41 The
474 3960 337 37 essentials
856 3960 61 37 of
956 3961 273 45 Roentgen
406 3959 1026 103 interpretation.
821 4016 95 37 See
961 4016 156 50 PAUL,
1166 4016 200 38 LESTER
1405 4018 57 36 W.

334 4091 99 40 The
476 4091 203 50 family
715 4093 138 41 Mark
890 4095 192 41 Twain.
1165 4099 98 39 See
1305 4099 262 53 CLEMENS,

404 4148 206 43 SAMUEL
648 4151 332 46 LANGHORNE.

343 4228 132 40 Fine
514 4230 343 49 morphology
899 4232 63 38 of
1000 4232 306 40 mammalian
417 4234 1093 93 fertilization.
794 4290 96 38 See
932 4291 265 52 ZAMBONI,
1244 4293 261 41 LUCIANO.

332 4372 274 48 Freezing
645 4372 157 40 down.
884 4372 98 39 See
1025 4370 297 52 BODELSEN,
1369 4369 227 42 ANDERS.

331 4449 275 48 Freezing
647 4449 191 47 point.
919 4450 97 38 See
1059 4450 298 44 BODELSEN,

403 4505 228 43 ANDERS.

334 4585 138 37 From
510 4581 266 49 dolphins
820 4582 62 38 to
924 4581 193 39 dunes.
1201 4583 93 38 See

405 4642 334 50 VANROEKEL,
783 4642 172 39 BYRON
992 4642 56 39 H.

334 4723 136 39 From
511 4721 161 39 lions
715 4720 63 39 to
822 4720 259 47 legends.
1164 4720 96 38 See
1303 4720 194 51 JONES,

404 4780 170 41 DAISY
608 4781 59 39 M.

334 4856 138 40 From
511 4867 131 30 near
685 4858 95 39 and
822 4858 123 39 far.
1028 4856 98 41 See
1167 4857 335 53 O'DONNELL,

404 4912 197 44 MABEL.

349 5002 32 37 H
417 5002 32 36 &
488 5000 33 38 R
559 4997 202 49 eighth
801 4996 202 39 reader
1044 4994 372 40 achievement
1459 4992 157 49 test;

421 5056 302 41 teacher's
766 5054 332 50 guidebook.
1178 5053 29 47 7
1246 5062 60 41 p.
1395 5047 127 57 (The

418 5117 205 47 Harper
660 5116 32 39 &
730 5115 101 40 Row
868 5112 166 42 basic
1078 5111 237 49 reading
1351 5105 266 56 program)

418 5168 162 50 Appl.
628 5168 225 38 author:
904 5168 168 46 Byron
1111 5168 55 36 H.
1213 5165 333 38 VanRoekel.

412 5228 39 37 ©
488 5229 204 46 Harper
730 5228 30 35 &
800 5227 125 46 Row,
972 5224 369 48 Publishers,
1391 5224 157 45 Inc.;

422 5284 262 50 15Jun72;
733 5273 262 59 A398605.

377 5368 34 41 H
445 5365 33 42 &
517 5371 33 39 R
587 5371 203 49 eighth
832 5373 200 39 reader
1072 5374 374 40 achievement

451 5428 156 39 test.
691 5428 97 40 See
828 5427 336 54 VANROEKEL,

451 5484 165 40 BYRON
654 5486 59 40 H.

373 5552 32 38 H
442 5552 32 37 &
511 5551 33 38 R
583 5548 237 40 seventh
859 5548 201 39 reader
1102 5547 372 40 achievement
1515 5546 159 40 test.

439 5608 30 47 7
510 5617 60 40 p.
658 5603 124 56 (The
822 5608 205 48 Harper
1064 5608 32 37 &
1133 5607 99 39 Row
1270 5605 166 40 basic
445 5604 1169 110 reading
579 5660 265 57 program)
928 5663 159 50 Appl.
1137 5662 226 41 author:
1411 5665 168 46 Byron

442 5725 58 39 H.
544 5722 335 42 VanRoekel.
955 5722 39 39 ©
1030 5723 204 47 Harper
1273 5723 31 38 &
1342 5722 126 48 Row,
443 5720 1169 110 Publishers,
757 5782 157 47 Inc.;
960 5778 266 49 31Dec71;
1275 5768 262 58 A398607.

374 5872 32 42 H
443 5870 31 41 &
513 5872 30 41 R
589 5873 233 41 seventh
865 5873 198 40 reader
1103 5871 373 40 achievement

448 5933 156 41 test.
690 5932 94 39 See
823 5930 336 49 VANROEKEL,
1207 5929 166 39 BYRON
1414 5930 54 40 H.

373 6010 206 42 Harper
613 6007 30 36 &
686 6007 99 39 Row
824 6007 270 40 tutorial
1134 6018 260 40 program:
442 6011 1103 98 Comprehension
823 6064 96 38 and
961 6065 440 50 word-analysis
1444 6068 160 50 book,

445 6120 87 40 II.
618 6121 94 39 See
755 6122 226 51 ELLSON,
1031 6124 234 41 DOUGLAS
1307 6127 53 38 G.

1813 671 237 50 History
2092 671 59 39 of
2191 671 192 40 music.
2470 670 96 40 See
2605 670 232 51 MILLER,

1883 728 134 41 HUGH
2053 730 57 41 M.

1829 816 99 39 How
1969 816 62 38 to
2074 817 126 38 read
2244 815 362 41 literature:
2658 816 135 39 From
2831 815 163 40 lions
3037 816 62 38 to

1903 874 257 48 legends.
2246 874 94 39 See
2381 874 194 48 JONES,
2626 874 165 39 DAISY
2827 874 57 39 M.

1822 949 96 39 How
1957 949 63 41 to
2061 951 130 39 read
2230 952 402 40 mathematics:
2683 954 133 39 From
2853 954 265 50 dolphins

1888 1006 63 42 to
1992 1009 193 41 dunes.
2266 1010 96 38 See
2398 1009 338 53 VANROEKEL,
2783 1013 169 39 BYRON
2992 1015 54 39 H.

1825 1093 99 35 How
1965 1091 62 36 to
2070 1090 127 38 read
2236 1089 401 40 mathematics:
2684 1092 138 37 From
2860 1090 159 39 lions
3066 1091 61 38 to

1897 1146 258 50 legends.
2238 1148 97 39 See
2376 1147 193 51 JONES,
2616 1149 171 39 DAISY
2822 1150 56 41 M.

1843 1232 96 38 How
1983 1229 61 39 to
2083 1231 129 38 read
2258 1231 260 42 science:
2564 1234 136 38 From
2738 1233 266 49 dolphins
3046 1234 65 39 to

1913 1287 192 41 dunes.
2188 1290 93 40 See
2324 1291 333 51 VANROEKEL,
2702 1293 169 40 BYRON
2910 1294 55 40 H.

1847 1369 100 39 How
1990 1369 60 39 to
2092 1369 126 40 read
2262 1371 258 41 science:
2569 1373 138 38 From
2746 1373 159 40 lions
2951 1375 62 38 to

1921 1427 258 50 legends.
2260 1431 99 39 See
2399 1431 193 51 JONES,
2639 1433 171 39 DAISY
2845 1435 57 40 M.

1852 1512 96 37 How
1990 1510 62 39 to
2093 1511 129 38 read
2266 1511 197 40 social
2507 1513 260 42 studies:
2812 1516 137 38 From

1919 1570 265 50 dolphins
2230 1573 60 38 to
2332 1573 191 39 dunes.
2606 1575 98 37 See

1915 1628 334 53 VANROEKEL,
2298 1631 168 38 BYRON
2503 1633 56 38 H.

1850 1704 95 40 How
1987 1702 62 38 to
2089 1701 129 39 read
2263 1700 200 39 social
2506 1700 259 41 studies:
2812 1703 134 37 From
2987 1700 161 39 lions

1918 1759 63 39 to
2025 1759 258 48 legends.
2366 1759 95 39 See
2503 1759 195 51 JONES,
2744 1758 170 42 DAISY
2947 1759 60 40 M.

1835 1834 96 41 The
1973 1835 166 41 human
2179 1849 231 30 nervous
2456 1842 224 47 system:
2731 1853 63 29 an

1906 1894 336 42 anatomical
2281 1898 331 49 viewpoint.
2695 1903 97 39 See
2833 1904 158 50 BARR,

1904 1954 205 39 MURRAY
2144 1956 54 42 L.

1840 2033 334 41 Infectious
2219 2036 296 40 diseases.
2599 2037 96 39 See
2736 2038 301 52 HOEPRICH,

1910 2092 135 41 PAUL
2079 2095 94 50 D.,
2221 2096 87 38 ed.

1835 2166 267 40 Informal
2146 2167 232 51 reading
2419 2167 332 51 inventory.
2833 2169 94 38 See

1902 2226 195 50 SMITH,
2145 2227 235 39 KENNETH
2419 2227 56 39 J.

1832 2304 401 40 Instructor's
2275 2305 202 39 manual
2517 2305 65 39 to
2623 2314 304 40 accompany

1899 2361 202 41 Action
2143 2362 92 39 and
2278 2361 430 49 organization:
2762 2372 60 31 an

1903 2419 403 40 introduction
2347 2419 63 39 to
2450 2419 410 50 contemporary

1898 2476 305 50 political
2244 2476 260 43 science.
2587 2478 99 40 See
2725 2478 158 51 BONE,

1897 2535 204 40 ROBERT
2140 2536 54 43 C.

1871 2602 372 36 Instructor's
2284 2599 204 37 manual
2527 2599 63 36 to
2632 2603 305 39 accompany

1912 2656 255 41 Calhoun:
2221 2654 198 41 Social
2462 2653 233 40 science
2738 2652 61 40 in
2839 2661 64 30 an
2942 2660 97 39 age

1910 2716 62 39 of
2014 2716 225 48 change.
2323 2714 95 38 See
2460 2712 264 49 DOUTHIT,
2771 2710 202 40 GERALD

1911 2771 226 41 EDWARD.

1838 2836 401 39 Instructor's
2282 2837 202 38 manual
2528 2838 60 37 to
2629 2847 305 40 accompany

1903 2893 271 49 Computer
2212 2895 199 38 models
2460 2895 59 38 in
2562 2896 332 48 operations

1903 2954 363 47 management:
2317 2962 30 28 a
2387 2955 611 48 computer-augmented

1906 3010 225 48 system.
2212 3010 99 39 See
2351 3010 230 51 HARRIS,
2629 3012 100 39 ROY
2765 3013 56 41 D.

1828 3083 405 44 Instructor's
2275 3081 202 39 manual
2521 3079 60 39 to
2621 3087 306 40 accompany

1897 3141 331 46 Economics,
2277 3148 64 28 an
2386 3136 405 40 introduction
2831 3136 60 37 to

1903 3197 369 41 traditional
2313 3196 94 37 and
2452 3195 234 37 radical
2725 3193 192 38 views.
3001 3193 97 37 See

1900 3258 159 50 HUNT,
2105 3257 56 41 E.
2209 3256 54 41 K.

1827 3333 400 44 Instructor's
2266 3340 204 39 manual
2514 3340 61 39 to
2616 3349 308 43 accompany

1894 3392 408 52 Introductory
2341 3397 330 39 economics.
2755 3398 96 40 See

1888 3451 266 54 WYKSTRA,
2200 3453 204 42 RONALD
2438 3454 59 42 A.

1851 3527 403 40 Instructor's
2296 3530 203 38 manual
2542 3532 61 38 to
2644 3541 306 39 accompany

1917 3586 98 39 The
2057 3587 301 39 economics
2401 3588 63 39 of
2503 3599 171 38 money
2713 3592 97 36 and
2851 3592 261 48 banking,

1920 3646 166 39 fifth
2126 3647 260 41 edition.
2470 3650 98 38 See
2606 3650 301 50 WILLIAMS,

1918 3704 202 40 HAROLD
2158 3706 56 41 R.

1836 3786 97 43 The
1978 3787 367 48 intelligent
2392 3788 295 40 investor.
2770 3790 95 39 See

1905 3847 232 53 GRAHAM,
2181 3850 301 39 BENJAMIN.

1834 3926 410 43 Introduction
2284 3928 63 39 to
2389 3928 236 39 steroid
2663 3926 413 49 biochemistry

1903 3986 99 41 and
2042 3985 94 41 its
2180 3985 270 41 clinical
2491 3984 402 52 application.
2974 3984 98 40 See

1904 4042 298 54 FREEDMAN,
2247 4042 205 42 MURRAY
2488 4042 61 44 A.

1861 4113 58 39 Is
1960 4113 372 47 acupuncture
2377 4114 98 38 for
2512 4123 124 39 you.
2719 4114 97 39 See

1923 4170 267 54 WORSLEY,
2237 4174 56 40 J.
2340 4173 55 41 R.

1849 4246 336 48 Laboratory
2224 4246 296 38 medicine.
2605 4246 96 38 See
2740 4246 162 50 RACE,

1915 4304 203 40 GEORGE
2155 4306 91 51 J.,
2296 4303 87 41 ed.

1862 4384 132 42 Life
2038 4388 63 40 in
2139 4390 97 39 the
2278 4393 400 42 environment:
2727 4396 96 40 the
1933 4399 1031 94 biological
2211 4449 292 40 sciences.
2590 4452 93 39 See
2726 4453 265 53 NAVARRA,

1930 4501 137 42 JOHN
2106 4503 259 43 GABRIEL.

1861 4574 240 48 Mastery
2138 4572 157 40 test:
2347 4571 196 40 levels
2585 4562 57 58 4,
2691 4572 54 47 5,
2792 4571 32 38 &
2861 4560 56 63 6;

1934 4630 299 40 teacher's
2276 4628 332 50 guidebook.
1929 4627 961 99 Experimental
2175 4687 88 40 ed.
2346 4678 28 47 6
2413 4697 55 38 p.
2561 4682 229 54 (Harper
2897 4686 98 38 Row

1933 4747 201 48 design
2175 4745 97 40 for
2312 4740 262 55 reading)
2651 4744 38 38 ©
2724 4746 204 46 Harper
2967 4744 30 37 &
3037 4743 123 48 Row,

1932 4804 367 48 Publishers,
2350 4805 156 45 Inc.;
2553 4801 264 48 31Dec72;
2866 4792 260 54 A431772.

1852 4885 236 48 Mastery
2128 4885 156 39 test:
2338 4882 226 49 levels,
2611 4865 57 65 4,
2711 4880 59 50 5,
2813 4879 30 38 &
2888 4869 53 49 6.

1923 4943 95 41 See
2059 4941 332 51 VANROEKEL,
2438 4940 170 40 BYRON
2644 4939 57 39 H.

1840 5017 96 39 The
1975 5017 202 39 middle
2218 5026 157 40 ages:
2425 5026 30 30 a
2493 5019 239 49 history
2771 5018 63 40 of
1907 5019 1133 96 International
2219 5074 330 42 relations.
2632 5077 96 38 See
2770 5076 263 52 GANSHOF,

1909 5134 267 36 FRANCOIS
2218 5135 54 37 L.

1843 5200 97 42 The
1979 5204 205 39 modern
2224 5203 157 48 city:
2434 5203 266 48 readings
2743 5203 65 39 in
2846 5204 169 38 urban

1914 5260 331 42 economics.
2327 5258 96 41 See
2465 5256 334 54 RASMUSSEN,
2845 5255 168 45 DAVID
3049 5257 60 45 W.

1842 5342 100 39 New
1982 5338 341 45 dictionary
2362 5333 61 39 of
2463 5330 273 43 American
2773 5326 203 48 family

1912 5406 194 33 names.
2189 5395 98 39 See
2326 5391 192 49 SMITH,
2566 5387 203 41 ELSDON
2809 5386 53 42 C.

1837 5475 99 40 New
1978 5473 336 42 directions
2356 5474 64 39 in
2461 5473 362 50 creativity.
2910 5473 95 41 See

1908 5532 298 51 RENZULLI,
2254 5533 202 38 JOSEPH
2495 5533 55 40 S.

1833 5605 98 39 New
1972 5602 336 40 directions
2354 5601 62 39 in
2455 5599 261 49 English:
2765 5599 164 38 codes

1902 5660 100 40 and
2040 5659 538 41 classifications.
2662 5655 303 43 Teacher's
3009 5656 86 39 ed.

1906 5718 26 40 1
1971 5728 57 31 v.
2109 5719 91 39 NM:
2250 5716 328 41 additions.
2657 5715 38 39 ©
2731 5716 201 47 Harper
2972 5716 32 36 &

1903 5776 126 48 Row,
2074 5774 380 48 Publishers,
2492 5775 158 46 Inc.;
2701 5771 224 49 2Jan73;

1904 5821 261 59 A431768.

1844 5903 98 38 New
1982 5899 336 40 directions
2364 5897 62 40 in
2464 5894 263 51 English:
2775 5892 370 40 differences

1916 5959 98 41 and
2053 5957 399 42 discoveries.
2533 5952 303 44 Teacher's
2880 5952 88 39 ed.

1916 6014 26 40 1
1981 6025 57 30 v.
2120 6015 92 40 NM:
2260 6010 330 42 additions.
2666 6010 39 37 ©
2741 6010 202 47 Harper

1913 6076 33 37 &
1982 6073 127 48 Row,
2155 6069 366 48 Publishers,
2572 6069 157 45 Inc.;
2779 6064 225 48 2Jan73;

1915 6120 264 55 A431770.

3362 641 99 39 New
3502 639 336 41 directions
3883 639 63 39 in
3983 629 262 59 English:
4295 637 269 41 evidence

3433 699 98 41 and
3572 698 365 43 evaluation.
4019 697 302 43 Teacher's
4364 697 89 41 ed.

3434 760 26 37 1
3499 768 59 31 v.
3638 761 93 38 NM:
3778 758 332 39 additions.
4186 758 39 37 ©
4259 760 203 45 Harper
4501 758 32 35 &

3432 817 126 48 Row,
3604 814 368 51 Publishers,
4021 817 158 46 Inc.;
4229 813 226 49 2Jan73;

3434 864 263 56 A431769.

3346 960 102 39 New
3485 956 337 41 directions
3865 955 63 39 in
3965 952 263 50 English:
4279 950 164 40 facts
4485 948 97 40 and

3418 1016 231 48 flights
3691 1015 63 39 of
3796 1013 191 49 fancy.
4071 1008 303 42 Teacher's
4417 1008 88 40 ed.

3416 1074 27 40 1
3485 1084 53 30 v.
3622 1072 89 39 NM:
3761 1081 101 29 new
3897 1068 31 37 &
3969 1066 337 42 additional
4344 1063 301 41 material.

3412 1131 38 39 ©
3487 1132 201 48 Harper
3725 1130 31 38 &
3798 1127 535 52 Row,.Publishers,
4385 1126 159 47 Inc.;

3421 1191 225 48 2Jan73;
3694 1180 261 57 A428990.

3350 1276 334 42 Next-best.
3769 1277 95 40 See
3906 1278 159 50 BERG,
4111 1279 132 38 JEAN
4285 1279 228 40 HORTON.

3349 1353 99 40 Our
3488 1351 269 53 physical
3799 1351 398 41 environment:
4248 1350 95 40 the
3421 1349 1095 103 physical
3595 1411 293 40 sciences.
3971 1410 95 40 See
4108 1408 267 52 NAVARRA,

3417 1468 138 42 JOHN
3592 1468 263 41 GABRIEL.

3343 1551 32 31 A
3412 1549 200 43 people
3655 1548 96 33 and
3793 1553 29 27 a
3862 1544 227 45 nation;
4141 1543 299 36 student's

3409 1602 230 40 manual.
3724 1592 97 55 184
3860 1610 56 38 p.
3994 1599 38 37 ©
4070 1599 200 48 Harper
4309 1597 30 37 &
4381 1597 122 47 Row,

3416 1660 361 48 Publishers,
3828 1659 159 47 Inc.;
4037 1657 227 47 2Jan73;
4310 1640 262 63 A428989.

3364 1745 32 40 A
3430 1745 202 50 people
3674 1745 95 40 and
3813 1754 30 30 a
3880 1743 229 48 nation;
4160 1741 301 41 student's

3429 1804 229 38 manual.
3743 1798 304 45 Teacher's
4088 1798 89 41 ed.
4261 1788 99 55 184
4397 1807 56 39 p.

3428 1857 39 38 ©
3503 1858 202 50 Harper
3742 1858 31 37 &
3813 1857 123 50 Row,
3986 1856 339 49 Publishers'
4400 1856 159 49 Inc.;

3436 1920 231 46 22Jan73;
3743 1909 262 57 A428988.

3364 1991 401 49 Perspectives
3810 2002 64 30 on
3914 1993 168 48 early
4117 1993 273 41 American
3433 1995 1089 103 history:
3638 2059 197 39 essays
3883 2051 60 39 in
3979 2051 170 40 honor
4189 2053 64 38 of
4290 2053 236 41 Richard
4569 2055 53 39 B.

3427 2107 229 41 Morris.
3739 2109 99 39 See
3874 2110 267 51 VAUGHAN,
4186 2110 168 41 ALDEN
4393 2112 60 42 T.

3373 2186 402 54 Perspectives
3820 2200 63 31 on
3923 2191 341 51 elementary
4304 2190 262 51 reading.

3437 2248 98 41 See
3577 2248 231 54 KARLIN,
3850 2250 233 52 ROBERT,
4131 2251 90 39 ed.

3360 2320 100 42 The
3499 2323 308 50 political
3848 2333 236 40 economy
4124 2326 64 37 of
4228 2325 237 40 Federal

3430 2381 230 49 policy.
3742 2382 97 39 See
3880 2381 264 53 HAVEMAN,
4194 2383 201 40 ROBERT
4434 2385 57 40 H.

3358 2457 267 37 Reader's
3667 2454 168 50 guide
3876 2456 62 38 to
3977 2456 98 38 The
4119 2464 256 30 ecumene:
4429 2455 165 48 story

3429 2512 62 39 of
3532 2513 294 48 humanity.
3911 2513 95 38 See
4046 2512 265 51 MCNEILL,

3424 2572 243 38 WILLIAM
3706 2572 52 40 H.

3357 2650 239 49 Reading
3636 2650 302 40 readiness
3982 2650 159 49 test;
4191 2649 236 50 scoring
4465 2650 126 49 key.

3430 2709 29 40 2
3499 2708 227 41 sheets.
3808 2707 159 51 Appl.
4017 2708 228 41 author:
4291 2710 204 48 Harper
4533 2710 31 39 &

3426 2769 127 49 Row,
3598 2767 371 51 Publishers,
4018 2770 157 47 Inc.,
4225 2767 271 50 employer
4537 2767 97 39 for

3427 2827 132 39 hire
3600 2827 66 39 of
3703 2829 171 48 Byron
3911 2830 58 39 H.
4012 2826 337 43 VanRoekel.

3421 2885 39 40 ©
3495 2887 205 48 Harper
3737 2887 32 39 &
3806 2886 131 53 Row,
3980 2885 368 51 Publishers,
4399 2888 158 47 Inc.;

3424 2944 232 49 7Sep72;
3706 2935 261 57 A398608.

3365 3021 239 51 Reading
3642 3022 301 41 readiness
3988 3024 157 49 test;
4196 3024 300 40 teacher's

3434 3082 332 48 guidebook.
3851 3073 61 48 14
3949 3093 58 40 p.
4097 3080 230 56 (Harper
4365 3087 32 37 &
4435 3086 99 39 Row

3434 3140 203 49 design
3677 3140 98 40 for
3815 3139 261 56 reading)
4160 3145 131 38 Some
4330 3143 273 40 material

3430 3206 165 40 prev.
3639 3199 127 48 pub.
3815 3208 60 30 as
3916 3199 305 40 Teacher's
4263 3200 307 49 guidebook

3431 3255 379 51 pre-reading
3850 3256 129 40 test
4021 3257 65 40 of
4127 3257 334 41 scholastic

3436 3313 237 48 ability
3711 3314 62 38 to
3815 3314 302 40 determine
4159 3316 238 48 reading
3432 3317 1170 95 readiness.
3676 3373 159 49 Appl.
3884 3373 227 41 author:
4158 3376 204 47 Harper
4399 3376 33 38 &
4469 3376 126 48 Row,

3430 3428 371 52 Publishers,
3851 3431 158 50 Inc.,
4057 3430 270 51 employer
4367 3430 99 41 for
4504 3431 158 40 hire,

3433 3485 64 38 of
3537 3487 169 47 Byron
3743 3489 56 37 H.
3845 3487 335 41 VanRoekel.
4262 3488 160 51 Appl.
4472 3489 197 39 states

3433 3544 97 39 all
3570 3554 100 30 new
3710 3546 200 49 except
3953 3546 27 40 1
4023 3547 192 49 story.
4291 3547 39 39 ©
4365 3550 205 48 Harper
4606 3550 31 38 &

3432 3604 131 56 Row,
3604 3604 369 51 Publishers,
4023 3607 157 48 Inc.;
4225 3605 231 50 7Sep72;

3433 3652 264 57 A398614.

3381 3730 238 49 Reading
3659 3730 302 39 readiness
4006 3729 156 38 test.
4246 3727 96 39 See

3449 3785 336 53 VANROEKEL,
3833 3786 166 41 BYRON
4036 3786 59 40 H.

3372 3862 270 51 Religion
3681 3867 95 37 and
3820 3877 123 30 man:
3992 3877 65 30 an
4100 3868 434 44 introduction.

3439 3918 96 42 See
3579 3920 294 53 COMSTOCK,
3921 3924 58 42 W.
4028 3923 262 53 RICHARD,
4340 3927 89 42 ed.

3364 3998 235 40 Retinal
3641 4000 265 39 diseases
3952 4001 60 38 in
4054 4001 294 41 children.
4435 4004 93 39 See

3430 4055 230 52 TASMAN,
3707 4056 241 40 WILLIAM
3987 4059 50 39 S.

3349 4132 100 40 The
3493 4135 129 39 road
3662 4133 63 41 to
3764 4135 193 42 Yalta:
4009 4136 198 40 Soviet
4250 4137 237 50 foreign

3422 4192 331 53 relations,
3802 4185 327 58 1941-1945.
4216 4195 95 41 See

3422 4252 260 51 FISCHER,
3730 4253 190 41 LOUIS.

3358 4324 201 42 School
3600 4327 262 51 catalog,
3910 4328 156 50 1973.
4152 4331 95 41 See
4288 4332 206 42 HARPER
4525 4333 30 40 &

3427 4384 123 51 ROW,
3599 4387 365 53 PUBLISHERS,
4015 4390 121 39 INC.
4222 4391 204 41 SCHOOL
4460 4391 161 42 DEPT.

3353 4463 233 40 Science
3624 4465 198 41 words.
3904 4465 96 38 See
4042 4465 298 51 CHALLAND,

3422 4523 167 39 HELEN
3628 4523 55 40 J.

3348 4603 303 40 Solutions
3700 4603 59 36 to
3801 4601 404 39 odd-numbered
4249 4600 300 39 exercises

3424 4660 58 38 to
3523 4667 306 40 accompany
3868 4658 162 49 Logic
4078 4657 96 39 for
3423 4657 1028 108 philosophers.
3695 4719 98 37 See
3836 4717 261 49 PURTILL,
4143 4717 241 38 RICHARD
4420 4717 57 39 L.

3344 4800 274 52 Spanning
3658 4803 94 40 the
3797 4813 166 30 seven
4004 4814 156 30 seas.
4245 4804 96 41 See

3413 4859 265 51 EVERTTS,
3726 4859 235 41 ELDONNA
4002 4862 55 41 L.

3352 4943 167 40 Think
3560 4944 62 38 of
3662 4951 30 30 a
3731 4944 228 40 number.
4040 4945 99 39 See
4180 4945 297 50 BODELSEN,

3421 5001 228 42 ANDERS.

3372 5073 130 40 This
3544 5073 62 40 is
3648 5072 98 39 for
3781 5081 95 38 me;
3920 5070 136 40 Like
4095 5080 101 39 you
4237 5070 97 39 and
4370 5077 95 39 me;
4513 5068 99 38 Fun

3443 5132 97 37 for
3577 5142 125 34 you.
3787 5128 303 39 Teacher's
4133 5128 88 40 ed.
4305 5127 97 44 343
4442 5137 56 35 p.

3448 5177 231 62 (Harper
3716 5182 32 39 &
3788 5182 101 41 Row
3926 5179 203 51 design
4168 5179 99 40 for
4307 5177 260 52 reading,

3442 5241 200 40 levels
3682 5242 57 48 4,
3787 5240 57 50 5)
3893 5239 165 39 6-BSC
4095 5231 268 61 pattern)

3437 5300 38 39 ©
3511 5301 204 49 Harper
3751 5299 32 38 &
3823 5299 123 53 Row,
3996 5297 365 50 Publishers,
4411 5296 159 48 Inc.;

3442 5359 264 47 12Jan72;
3752 5347 264 57 A398628.

3385 5430 410 48 Transforming
3836 5428 191 49 light.
4112 5429 97 40 See
4244 5428 164 51 VAIL,

3451 5488 233 42 ALBERT.

3379 5551 201 39 Travel
3624 5551 193 46 along.
3900 5551 95 39 See
4037 5551 335 50 VANROEKEL,

3449 5608 171 41 BYRON
3657 5611 57 38 H.

3392 5682 308 49 Traveling
3741 5681 94 40 the
3880 5683 164 39 trade
4084 5683 195 39 winds.
4362 5681 97 41 See

3464 5739 263 52 EVERTTS,
3772 5738 238 41 ELDONNA
4051 5740 56 41 L.

3388 5812 132 41 Twin
3563 5814 191 47 spell.
3838 5812 95 39 See
3973 5813 163 51 LUNN,
4183 5812 195 42 JANET.

3385 5897 135 41 Will
3559 5897 97 40 the
3698 5897 198 40 Soviet
3937 5896 170 43 Union
4150 5896 231 41 survive
4422 5897 167 40 until

3460 5947 156 55 1984.
3700 5956 94 39 See
3835 5956 267 51 AMALRIK,
4147 5958 229 40 ANDREI.

3389 6018 274 40 Workbook
3702 6020 99 40 for
3840 6023 135 38 From
4013 6022 268 53 dolphins
4326 6027 61 40 to
4428 6028 192 42 dunes.

3459 6067 63 48 80
3559 6088 60 38 p.
3710 6074 229 56 (Harper
3976 6083 33 38 &
4045 6083 101 39 Row
4185 6083 202 50 design
4427 6086 101 39 for

3460 6133 261 57 reading)
3798 6139 38 37 ©
3872 6141 203 48 Harper
4113 6144 31 36 &
4183 6143 126 50 Row,

3455 6193 369 53 Publishers,
3874 6199 158 48 Inc.;
4081 6199 261 51 13Feb73;
4390 6194 264 57 A431779.
