5048 6588
4544 390 118 51 3185

334 637 380 44 Educational
751 635 375 54 Development
1166 638 397 52 Corporation.

336 700 91 41 NM:
479 698 329 43 revisions.
886 697 39 39 ©
958 698 373 44 Educational
1369 698 373 55 Development

337 755 403 52 Corporation;
787 755 168 51 15Aug73;
1093 749 264 55 A478140.

402 935 164 39 Basic
609 932 398 42 mathematics:
1057 941 66 30 an
1159 932 167 39 audio
1364 932 301 41 flashcard

335 992 198 42 skills
576 1001 262 42 program.
919 990 167 42 Level
1124 992 53 41 B:
1225 989 298 52 Addition,
1568 990 31 48 3.

336 1050 199 41 Issued
578 1049 63 49 by
679 1048 372 41 Educational
1091 1047 368 51 Development

335 1105 400 50 Corporation.
815 1106 125 40 Kit.
1019 1106 161 49 Appl.
1228 1115 120 32 au.:
1396 1106 201 39 Donald

333 1166 57 39 R.
437 1162 272 43 Clarkson
748 1163 33 39 &
815 1162 200 41 Robert
1053 1165 58 39 D.
1156 1162 263 49 Kranyik.
1495 1162 162 50 Appl.

335 1220 199 40 states
576 1229 239 43 program
851 1220 263 40 contains
1156 1219 135 40 much
1330 1220 62 38 of
1434 1218 93 41 the

335 1277 236 41 content
613 1278 61 39 of
711 1277 134 42 Self
887 1276 437 42 instructional
1362 1276 163 41 basic

333 1333 402 53 mathematics,
781 1334 371 51 copyrighted
1191 1334 68 50 by
1292 1334 335 41 Electronic

331 1394 267 48 Futures,
645 1394 158 48 Inc.,
848 1402 31 29 a
919 1391 269 42 division
1227 1393 61 39 of
1327 1391 371 42 Educational

331 1459 375 50 Development
748 1456 397 52 Corporation.
1226 1457 89 40 NM:
1366 1454 327 42 revisions.

328 1518 39 38 ©
400 1516 375 45 Educational
814 1514 373 51 Development
1228 1511 397 53 Corporation;

337 1576 258 51 15Aug73;
640 1566 264 58 A478141.

407 1751 159 42 Basic
607 1751 399 43 mathematics:
1058 1760 65 30 an
1161 1748 168 42 audio
1366 1747 297 43 flashcard

338 1810 196 41 skills
575 1820 260 42 program.
923 1808 163 42 Level
1128 1811 51 40 B:
1229 1806 393 52 Subtraction,

331 1870 30 46 3,
474 1869 198 41 Issued
714 1870 65 47 by
814 1867 377 41 Educational
1226 1865 369 51 Development

334 1927 399 52 Corporation.
814 1927 126 42 Kit.
1021 1925 159 52 Appl.
1228 1933 120 34 au.:
1396 1922 198 42 Donald

334 1988 54 42 R.
438 1987 270 46 Clarkson
745 1990 32 38 &
817 1984 198 43 Robert
1053 1985 56 44 D.
1156 1983 261 50 Kranyik.
1498 1982 158 52 Appl.

337 2045 195 42 states
572 2056 237 43 program
847 2044 267 42 contains
1154 2043 137 41 much
1331 2042 61 41 of
1433 2042 92 41 the

333 2106 234 42 content
610 2107 60 41 of
710 2105 132 42 Self
881 2102 442 45 instructional
1361 2102 164 43 basic

328 2165 401 54 mathematics,
777 2163 373 54 copyrighted
1190 2164 66 50 by
1291 2161 336 44 Electronic

329 2226 265 49 Futures,
645 2228 154 45 Inc.,
848 2235 26 29 a
916 2224 272 40 division
1228 2223 61 39 of
1326 2222 371 41 Educational

331 2293 375 51 Development
748 2295 398 50 Corporation.
1226 2298 89 41 NM:
1367 2298 326 43 revisions.

329 2350 38 37 ©
400 2351 376 43 Educational
814 2352 375 51 Development
1228 2354 398 51 Corporation;

336 2407 259 51 15Aug73;
641 2401 264 54 A478142.

408 2582 161 41 Basic
610 2582 397 46 mathematics:
1056 2593 66 31 an
1160 2584 169 41 audio
1365 2584 304 42 flashcard

338 2637 197 43 skills
576 2647 262 42 program.,
918 2639 169 41 Level
1124 2641 53 41 B:
340 2639 1226 107 Multiplication,
541 2696 57 47 3.
681 2698 197 39 Issued
916 2696 69 50 by
1019 2695 376 44 Educational
337 2697 1264 106 Development
577 2753 396 50 Corporation.
1054 2753 126 44 Kit.
1258 2754 161 52 Appl.
1465 2763 125 34 au.:

332 2809 203 44 Donald
577 2813 54 40 R.
679 2811 269 43 Clarkson
986 2812 34 39 &
1054 2812 201 42 Robert
1294 2815 56 40 D.
1393 2813 266 50 Kranyik.

333 2867 159 54 Appl.
540 2869 197 43 states
779 2877 239 45 program
1057 2869 262 45 contains
1359 2870 137 44 much
1536 2872 61 41 of

338 2927 92 42 the
473 2928 232 43 content
748 2930 60 40 of
847 2918 132 54 keif
1024 2928 437 45 Instructional
1499 2931 164 41 basic

333 2983 400 53 mathematics,
778 2986 375 51 copyrighted
1190 2987 68 50 by
1292 2985 341 46 Electronic

330 3041 265 53 Futures,
643 3043 158 51 Inc.,
847 3049 30 38 a
916 3043 273 45 division
1227 3045 63 42 of
1324 3044 376 45 Educational

335 3108 373 49 Development
748 3111 399 49 Corporation.
1229 3115 89 39 NM:
1370 3115 326 42 revisions.

332 3162 40 40 ©
404 3165 374 44 Educational
817 3168 372 51 Development
1231 3171 396 52 Corporation;

338 3223 260 52 15Aug73;
643 3217 264 57 A478143.

391 3412 164 45 Basic
594 3408 399 44 mathematics:
1041 3415 67 29 an
1143 3403 166 41 audio
1348 3399 303 43 flashcard

325 3472 196 43 skills
563 3478 261 43 program.
904 3462 170 46 Level
1109 3463 55 42 B:
1210 3458 299 51 Division,
1554 3456 57 49 3.

326 3529 200 45 Issued
564 3529 67 48 by
665 3520 375 48 Educational
1075 3515 372 53 Development

326 3585 398 55 Corporation.
802 3581 127 43 Kit.
1008 3577 160 53 Appl.
1214 3586 122 32 au.:
1382 3572 203 44 Donald

325 3649 57 41 R.
430 3643 271 45 Clarkson
737 3643 33 38 &
805 3639 201 43 Robert
1043 3639 59 40 D.
1146 3633 262 50 Kranyik.

325 3705 162 50 Appl.
536 3701 195 42 states
773 3705 238 44 program
1047 3692 264 43 contains
1350 3688 136 43 much
1524 3688 61 40 of

330 3763 96 42 the
467 3758 235 45 content
740 3757 62 41 of
839 3754 134 45 Self
1016 3748 434 45 instructional
1486 3746 166 40 basic

327 3815 402 52 mathematics,
775 3810 371 55 copyrighted
1183 3808 66 51 by
1284 3803 335 47 Electronic

326 3879 267 49 Futures,
640 3877 158 49 Inc.,
841 3880 31 33 a
911 3868 272 45 division
1220 3866 62 41 of
322 3862 1304 131 Educational
426 3949 371 53 Development
838 3946 396 54 Corporation.
1314 3946 92 43 NM:
322 3944 1260 108 revisions.
591 4009 40 40 ©
666 4009 372 42 Educational
1078 4007 367 53 Development
319 4008 1266 112 Corporation;
669 4068 259 50 15Aug73;
973 4059 261 57 A478144.

396 4236 163 42 Basic
600 4231 395 43 mathematics:
1042 4238 66 30 an
1144 4228 167 39 audio
1349 4223 302 42 flashcard

329 4294 196 42 skills
567 4300 259 43 program.
906 4286 166 44 Level
1111 4288 53 40 B:
1214 4282 328 44 Perimeter.

331 4352 197 44 Issued
567 4351 67 50 by
668 4345 370 46 Educational
1076 4340 371 52 Development

330 4409 395 50 Corporation.
805 4405 123 41 Kit.
1009 4402 159 51 Appl.
1213 4411 123 30 au.:
1383 4398 200 42 Donald
1623 4397 58 40 R.

331 4468 269 42 Clarkson
637 4465 32 38 &
706 4462 198 42 Robert
942 4463 56 39 D.
1042 4458 261 49 Kranyik.
1384 4454 159 51 Appl.

331 4525 196 40 states
569 4530 239 42 program
842 4518 263 41 contains
1145 4515 134 40 much
1320 4514 61 38 of
1423 4512 94 40 the

332 4580 233 41 content
606 4579 61 39 of
705 4577 132 41 Self
880 4571 434 44 instructional
1351 4569 164 41 basic

329 4636 401 49 mathematics,
777 4630 364 53 copyrighted
1182 4630 67 48 by
1282 4624 336 45 Electronic

329 4695 265 48 Futures,
643 4693 155 48 Inc.,
844 4699 29 29 a
912 4687 268 41 division
1219 4685 60 38 of
1317 4680 373 45 Educational

331 4758 372 49 Development
742 4759 396 48 Corporation.
1216 4760 89 38 NM:
1357 4758 325 41 revisions.

327 4816 38 36 ©
398 4815 372 41 Educational
808 4815 369 50 Development
1217 4815 398 50 Corporation;

332 4873 260 49 15Aug73;
635 4864 263 57 A478145.

391 5063 167 41 Basic
601 5064 396 46 mathematics:
1045 5077 66 30 an
1148 5070 167 39 audio
1355 5069 296 43 flashcard

322 5122 200 38 skills
568 5132 257 38 program;
908 5126 167 40 Level
1113 5129 56 38 B:
1216 5128 156 40 Area.
1458 5131 194 38 Issued

323 5175 65 49 by
424 5175 376 44 Educational
838 5178 371 52 Development
1250 5182 396 50 Corporation.

320 5233 127 41 Kit.
529 5234 159 50 Appl.
734 5244 123 34 au.:
907 5238 196 41 Donald
1147 5240 54 41 R.
1249 5240 269 42 Clarkson
1555 5243 33 37 &

319 5291 204 41 Robert
562 5294 54 39 D.
664 5294 264 48 Kranyik.
1008 5296 158 50 Appl.
1214 5296 196 43 states
1453 5308 236 41 program

319 5349 269 41 contains
628 5352 136 40 much
805 5353 62 39 of
910 5353 93 41 the
1044 5355 231 40 content
1317 5358 61 37 of
1416 5358 133 40 Self

325 5406 438 44 instructional
803 5410 163 41 basic
1007 5412 398 53 mathematics,
319 5425 1265 89 copyrighted
595 5464 65 51 by
697 5466 336 43 Electronic
1073 5470 263 51 Futures,
1384 5474 156 50 Inc.,

314 5531 29 28 a
386 5522 272 41 division
700 5525 61 39 of
800 5526 372 44 Educational
1209 5529 371 51 Development

323 5586 405 47 Corporation.
811 5585 87 38 NM:
950 5584 326 39 revisions.
1354 5581 38 36 ©
325 5581 1200 100 Educational
637 5639 373 50 Development
1051 5635 396 52 Corporation;

328 5699 262 50 15Aug73;
637 5689 263 57 A478146.

393 5871 165 40 Basic
599 5865 398 43 mathematics:
1048 5872 64 30 an
1148 5861 167 40 audio
1353 5857 301 42 flashcard

326 5926 198 42 skills
567 5932 263 43 program.
910 5920 166 42 Level
1115 5921 54 40 C:
1214 5914 339 45 Fractional

327 5983 299 48 concepts.
708 5979 198 42 Issued
947 5978 65 47 by
1046 5972 371 44 Educational

325 6037 376 50 Development
741 6032 397 52 Corporation.
1216 6030 126 40 Kit.
1422 6027 159 50 Appl.

326 6107 124 31 au.:
498 6094 202 42 Donald
740 6094 56 39 R.
843 6089 271 44 Clarkson
1150 6088 33 39 &
1217 6085 201 42 Robert
1456 6087 59 39 D.

1841 644 262 53 Kranyik.
2180 642 161 53 Appl.
2389 640 195 44 states
2626 647 238 46 program
2899 636 265 43 contains

1841 705 135 44 much
2015 705 63 41 of
2119 704 92 43 the
2253 702 233 44 content
2526 701 61 42 of
2625 700 133 46 Self
1845 699 1181 106 Instructional

2081 763 163 41 basic
2285 759 398 52 mathematics,
2729 758 368 51 copyrighted

1842 823 67 50 by
1943 820 337 45 Electronic
2318 819 263 52 Futures,
2628 818 157 51 Inc.,
2830 826 29 31 a
2899 814 269 43 division

1840 880 62 40 of
1940 875 373 47 Educational
2350 881 372 50 Development
2762 880 396 49 Corporation.

1837 940 88 40 NM:
1976 938 328 42 revisions.
2380 938 39 37 ©
2452 938 372 42 Educational
1835 937 1262 101 Development
2008 995 399 52 Corporation;
2455 993 165 55 15Aug73;
2758 986 262 58 A478147.

1901 1193 158 42 Basic
2100 1188 397 44 mathematics:
2546 1194 65 30 an
2647 1183 168 40 audio
2854 1176 300 44 flashcard

1832 1250 194 43 skills
2069 1256 260 43 program.
2411 1242 165 44 Level
2615 1243 52 40 C:
2715 1236 271 44 Addition
3023 1234 95 40 and

1832 1306 370 45 subtraction
2242 1305 61 39 of
2344 1310 200 34 common
2581 1296 328 43 fractions.

1833 1366 196 43 Issued
2068 1365 67 49 by
2169 1358 374 45 Educational
2581 1350 369 53 Development

1832 1421 395 53 Corporation.
2308 1418 126 41 Kit.
2513 1414 158 52 Appl.
2720 1421 121 31 au.:
2887 1406 201 44 Donald

1831 1485 57 39 R.
1934 1480 270 44 Clarkson
2241 1478 33 39 &
2309 1475 201 43 Robert
2547 1475 57 39 D.
2648 1468 263 52 Kranyik.

1831 1539 159 53 Appl.
2038 1536 195 44 states
2278 1541 235 44 program
2550 1528 264 43 contains
2854 1523 135 43 much
3029 1523 61 39 of

1834 1600 95 41 the
1970 1595 233 44 content
2243 1595 59 39 of
2342 1592 134 42 Self
2520 1583 435 47 Instructional
2993 1580 162 42 basic

1829 1654 401 50 mathematics,
2276 1646 371 54 copyrighted
2686 1644 66 50 by
2788 1639 334 46 Electronic

1836 1726 264 49 Futures,
2149 1725 153 48 Inc.,
2348 1730 30 31 a
2419 1719 269 42 division
2726 1718 62 39 of
2827 1713 371 45 Educational

1836 1781 373 52 Development
2248 1778 396 53 Corporation.
2723 1777 90 41 NM:
2864 1773 326 43 revisions.

1835 1841 39 40 ©
1905 1839 373 45 Educational
2314 1835 371 52 Development
2726 1832 398 52 Corporation;

1841 1900 260 50 15Aug73;
2145 1887 261 59 A478148.

1897 2089 161 43 Basic
2098 2088 395 43 mathematics:
2545 2096 64 32 an
2648 2085 168 42 audio
2853 2084 300 43 flashcard

1829 2149 197 41 skills
2065 2158 260 43 program.
2409 2146 166 43 Level
2612 2144 53 45 C:
2712 2144 478 53 Multiplication

1828 2209 96 40 and
1963 2206 270 44 division
2272 2207 62 42 of
2374 2207 327 43 fractions.
2786 2204 197 45 Issued
3022 2204 67 51 by

1825 2263 372 44 Educational
2233 2264 374 51 Development
2646 2264 397 49 Corporation.

1828 2324 123 42 Kit.
2031 2324 158 52 Appl.
2237 2333 120 34 au.:
2404 2322 202 43 Donald
2647 2324 54 43 R.
2749 2321 271 43 Clarkson
3055 2325 32 38 &

1829 2383 200 39 Robert
2065 2383 57 42 D.
2169 2381 258 49 Kranyik.
2507 2380 160 51 Appl.
2717 2378 195 41 states
2952 2388 238 42 program

1828 2440 264 39 contains
2132 2440 134 40 much
2308 2438 59 41 of
2408 2439 93 40 the
2543 2437 235 42 content
2818 2438 63 39 of
2920 2437 132 41 Self

1828 2496 437 42 instructional
2304 2497 161 39 basic
2506 2494 399 52 mathematics,
1828 2503 1262 102 copyrighted
2100 2554 66 50 by
2198 2553 336 42 Electronic
2575 2552 262 49 Futures,
2887 2553 155 50 Inc.,
3092 2563 26 29 a

1829 2626 270 42 division
2138 2625 61 40 of
2236 2620 375 44 Educational
2647 2617 371 50 Development

1827 2681 399 53 Corporation.
2304 2681 90 40 NM:
2445 2677 328 43 revisions.
2850 2673 39 39 ©
1829 2674 1258 110 Educational
2066 2737 370 52 Development
2479 2733 397 53 Corporation;
2923 2731 260 50 15Aug73;

1826 2791 263 58 A478149.

1897 2958 161 40 Basic
2096 2959 398 46 mathematics:
2543 2971 65 30 an
2648 2962 166 41 audio
2851 2962 300 43 flashcard

1828 3016 197 39 skills
2065 3027 258 41 program.
2407 3020 166 41 Level
2611 3022 54 42 C:
2712 3021 327 45 Fractions:

1825 3073 337 51 equivalent
2202 3076 94 41 and
2336 3076 260 45 related.
2682 3080 197 41 Issued
2917 3079 68 51 by
1826 3079 1358 94 Educational
2062 3133 373 52 Development
2473 3135 396 53 Corporation.
2950 3137 123 43 Kit.

1824 3189 157 51 Appl.
2031 3199 120 35 au.:
2198 3193 200 40 Donald
2439 3195 55 43 R.
2540 3194 270 41 Clarkson
2848 3200 32 37 &
2917 3196 197 41 Robert
3153 3199 58 39 D.

1823 3250 260 50 Kranyik.
2165 3250 158 53 Appl.
2371 3251 197 43 states
2607 3262 239 43 program
2883 3254 265 44 contains

1820 3308 137 40 much
1998 3308 61 40 of
2099 3307 92 43 the
2232 3309 233 42 content
2508 3311 61 41 of
2609 3312 132 40 Self
2780 3312 439 44 instructional

1821 3365 164 41 basic
2026 3367 397 53 mathematics,
2470 3371 372 51 copyrighted
2880 3372 66 49 by
1825 3372 1286 93 Electronic
2059 3424 262 52 Futures,
2370 3426 229 41 Inca
2641 3426 270 43 division
2951 3430 62 39 of

1819 3480 375 43 Educational
2229 3483 371 52 Development
2640 3485 396 51 Corporation.

1820 3541 89 42 NM:
1959 3540 325 44 revisions.
2362 3542 38 40 ©
2431 3541 376 45 Educational
2842 3544 372 54 Development

1824 3613 395 52 Corporation;
2269 3613 257 53 15Aug73;
2574 3607 260 59 A478150.

1889 3793 155 41 Basic
2084 3792 398 44 mathematics:
2533 3802 63 30 an
2636 3793 167 39 audio
2840 3790 300 43 flashcard

1816 3851 195 40 skills
2051 3858 260 43 program.
2396 3851 167 41 Level
2602 3851 53 42 C:
2701 3849 329 52 Multiples,

1816 3907 325 52 fractions,
2189 3909 97 40 and
2323 3908 169 42 mixed
2530 3908 263 41 numbers.
2877 3907 194 42 Issued

1814 3968 65 47 by
1915 3964 371 45 Educational
2324 3967 374 51 Development
2737 3965 395 52 Corporation.

1812 4025 122 43 Kit.
2017 4024 158 54 Appl.
2222 4035 122 34 au.:
2393 4023 203 43 Donald
2636 4025 56 45 R.
2736 4023 269 43 Clarkson
3043 4027 31 39 &

1813 4081 199 40 Robert
2050 4081 57 43 D.
2155 4081 261 49 Kranyik.
2497 4081 159 52 Appl.
2707 4080 192 40 states
2941 4089 237 41 program

1813 4139 264 41 contains
2118 4139 136 41 much
2294 4138 61 42 of
2397 4139 93 41 the
2533 4138 232 42 content
2808 4138 61 41 of
2908 4137 131 43 Self

1814 4194 439 44 instructional
2293 4196 161 41 basic
2494 4195 399 52 mathematics,
1812 4205 1262 101 copyrighted
2086 4252 67 51 by
2185 4253 338 42 Electronic
2565 4254 261 50 Futures,
2875 4255 154 50 Inc.,

1810 4315 30 29 a
1882 4308 270 41 division
2191 4314 60 35 of
2288 4312 374 43 Educational
2698 4312 372 52 Development

1812 4364 396 50 Corporation.
2287 4369 89 41 NM:
2427 4369 328 45 revisions.
2831 4371 38 39 ©
1811 4373 1258 89 Educational
2049 4424 370 50 Development
2462 4427 396 49 Corporation;
2906 4429 257 45 15Aug73:

1808 4469 263 57 A478151.

1881 4614 162 40 Basic
2086 4614 396 41 mathematics:
2530 4624 63 30 an
2633 4615 166 39 audio
2838 4614 300 41 flashcard

1811 4672 197 39 skills
2049 4680 259 42 program.
2390 4671 167 42 Level
2598 4673 55 47 C;
2695 4671 274 43 Addition
3007 4674 95 39 and

1809 4728 372 42 subtraction
2221 4729 63 39 of
2321 4729 166 40 mixed
2528 4730 258 41 numbers.
2871 4731 196 41 Issued

1809 4786 65 50 by
1912 4785 369 41 Educational
2322 4786 370 50 Development
2733 4788 394 49 Corporation.

1808 4843 124 40 Kit.
2011 4840 159 53 Appl.
2219 4852 125 32 au.:
2389 4844 201 41 Donald
2628 4845 56 40 R.
2734 4845 267 41 Clarkson
3035 4843 33 39 &

1807 4900 201 41 Robert
2047 4900 56 40 D.
2149 4900 260 50 Kranyik.
2488 4900 161 52 Appl.
2699 4903 196 39 states
2937 4912 236 41 program

1808 4959 266 40 contains
2116 4957 132 42 much
2288 4958 62 41 of
2390 4958 95 41 the
2527 4960 232 41 content
2801 4960 63 40 of
2901 4960 134 42 Self

1810 5016 436 41 instructional
2287 5017 162 39 basic
2491 5017 399 51 mathemetics,
1807 5026 1260 99 copyrighted
2082 5075 64 50 by
2182 5075 335 41 Electronic
2558 5077 263 50 Futures,
2869 5076 156 52 Inc.,
3072 5087 27 30 a

1804 5138 270 40 division
2115 5138 61 39 of
2213 5134 373 44 Educational
2623 5132 372 52 Development

1805 5190 396 52 Corporation.
2282 5191 88 39 NM:
2421 5188 328 42 revisions.
2828 5188 37 36 ©
1805 5189 1259 101 Educational
2042 5247 371 50 Development
2454 5244 397 52 Corporation;
2899 5242 260 52 15Aug73;

1801 5297 263 58 A478152.

1869 5478 165 42 Basic
2073 5470 395 45 mathematics:
2518 5476 65 31 an
2620 5464 165 41 audio
2824 5460 299 42 flashcard

1805 5535 196 42 skills
2044 5539 258 45 program.
2381 5524 168 44 Level
2587 5524 53 41 C:
2687 5518 194 44 Ratio.

1806 5593 196 43 Issued
2043 5591 66 49 by
2143 5583 373 47 Educational
2553 5574 368 54 Development

1804 5646 398 55 Corporation.
2280 5641 125 42 Kit.
2484 5638 160 50 Appl.
2689 5645 123 31 au.:
2857 5630 201 44 Donald
3097 5630 57 40 R.

1805 5708 272 44 Clarkson
2113 5705 33 37 &
2180 5698 198 45 Robert
2416 5700 57 40 D.
2521 5693 259 51 Kranyik.
2857 5689 161 51 Appl.

1807 5764 197 42 states
2046 5767 237 45 program
2317 5753 265 44 contains
2621 5749 136 43 much
2794 5749 61 39 of
2896 5745 93 42 the

1808 5821 233 43 content
2082 5818 60 39 of
2181 5815 130 43 Self
2356 5806 432 48 instructional
2827 5804 162 41 basic

1807 5875 397 49 mathematics,
2251 5867 370 54 copyrighted
2659 5865 65 49 by
2758 5860 335 45 Electronic

1808 5935 263 47 Futures,
2116 5931 158 48 Inc.,
2318 5936 30 29 a
2387 5923 271 42 division
2693 5920 62 41 of
2794 5914 371 47 Educational

1810 5994 373 49 Development
2224 5988 397 52 Corporation.
2699 5988 91 39 NM:
2840 5983 326 42 revisions.

1807 6051 39 39 ©
1879 6048 375 46 Educational
2290 6043 373 51 Development
2702 6039 398 51 Corporation;

1814 6108 262 52 15Aug73;
2120 6095 262 59 A478153.

3385 716 161 42 Basic
3586 716 398 46 mathematics:
4033 727 65 32 an
4138 717 168 43 audio
4343 718 306 44 flashcard

3319 776 195 39 skills
3553 785 257 41 program.
3898 776 165 42 Level
4100 779 55 41 C:
4204 777 261 44 Circles.

3316 833 197 43 Issued
3553 833 67 52 by
3653 832 375 45 Educational
4064 834 373 55 Development

3315 892 395 51 Corporation.
3790 893 125 43 Kit.
3995 893 160 53 Appl.
4204 904 120 33 au.:
4371 896 203 41 Donald

3315 947 1321 62 R. Clarkson & Robert D. Kranyik. Appl.
3317 1008 194 44 states
3550 1018 237 45 program
3824 1008 266 45 contains
4131 1012 136 41 much
4307 1013 62 41 of
4409 1013 93 42 the

3314 1067 233 42 content
3587 1069 63 40 of
3688 1069 132 41 Self
3859 1069 441 44 instructional
4339 1072 162 43 basic

3310 1123 399 54 mathematics,
3756 1126 372 52 copyrighted
4165 1128 69 50 by
4267 1128 339 45 Electronic

3313 1181 259 50 Futures,
3622 1184 155 51 Inc.,
3824 1193 26 30 a
3890 1183 272 44 division
4202 1185 63 41 of
4300 1186 378 44 Educational

3318 1248 372 52 Development
3731 1245 396 53 Corporation.
4208 1247 89 40 NM:
4348 1244 330 41 revisions.

3315 1310 40 37 ©
3387 1306 373 46 Educational
3797 1303 371 51 Development
4208 1301 402 51 Corporation;

3322 1367 258 50 15Aug73;
3627 1355 261 58 A478154.

3393 1537 160 40 Basic
3593 1537 398 44 mathematics:
4039 1549 66 31 an
4144 1540 166 41 audio
4348 1539 304 45 flashcard

3326 1595 195 41 skills
3560 1603 260 44 program.
3904 1597 165 41 Level
4105 1597 57 44 D:
4208 1598 239 43 Decimal
3322 1610 1262 94 concepts.
3598 1654 195 43 Issued
3832 1655 69 50 by
3933 1655 376 44 Educational
3319 1658 1263 93 Development
3493 1711 395 53 Corporation.
3968 1714 124 42 Kit.
4174 1715 158 52 Appl.
4382 1727 122 34 au.:

3319 1769 202 42 Donald
3560 1772 56 45 R.
3661 1771 271 42 Clarkson
3968 1776 32 38 &
4036 1772 201 42 Robert
4275 1775 59 45 D.
4379 1776 264 52 Kranyik.

3320 1828 158 52 Appl.
3529 1827 195 44 states
3763 1840 237 42 program
4036 1826 269 48 contains
4342 1835 139 41 much
4519 1835 63 41 of

3322 1885 94 43 the
3457 1887 234 42 content
3733 1888 62 40 of
3832 1888 132 42 Self
4003 1888 441 47 Instructional
4482 1893 165 42 basic

3318 1940 399 55 mathematics,
3764 1945 368 52 copyrighted
4171 1948 69 50 by
4271 1946 340 46 Electronic

3318 2000 262 51 Futures,
3628 2002 156 51 Inc.,
3831 2012 28 31 a
3898 2001 270 45 division
4207 2004 64 42 of
4306 2004 378 46 Educational

3317 2058 371 53 Development
3728 2059 394 54 Corporation.
4203 2065 89 42 NM:
4342 2065 330 45 revisions.

3315 2117 38 40 ©
3385 2116 371 45 Educational
3793 2119 371 53 Development
4204 2121 398 56 Corporation;

3320 2196 258 52 15Aug73;
3624 2185 260 61 A478155.

3382 2364 164 42 Basic
3585 2361 397 43 mathematics:
4030 2369 65 32 an
4131 2359 168 41 audio
4339 2356 300 43 flashcard

3314 2420 197 43 skills
3553 2428 261 42 program.
3893 2417 168 47 Level
4097 2419 55 39 D:
4198 2415 273 42 Addition
4507 2415 99 40 and

3316 2476 370 44 subtraction
3726 2476 60 39 of
3827 2474 293 42 decimals.
4203 2474 197 40 Issued
4439 2471 67 50 by

3312 2533 375 43 Educational
3722 2530 373 51 Development
4132 2529 399 51 Corporation.

3314 2592 125 41 Kit.
3519 2590 159 51 Appl.
3724 2599 122 32 au.:
3895 2587 200 43 Donald
4135 2588 54 41 R.
4236 2586 270 43 Clarkson
4544 2585 33 38 &

3315 2648 199 43 Robert
3552 2650 58 39 D.
3655 2647 261 49 Kranyik.
3995 2644 160 52 Appl.
4202 2643 196 43 states
3316 2652 1222 105 program
3486 2704 265 42 contains
3790 2701 135 42 much
3965 2702 62 40 of
4067 2700 95 42 the
4201 2699 265 42 contents
4511 2699 62 40 of

3314 2763 133 43 Self
3490 2759 435 44 instructional
3961 2758 165 43 basic
4165 2756 401 52 mathematics,

3316 2818 369 54 copyrighted
3724 2818 66 51 by
3825 2816 334 44 Electronic
4198 2814 265 53 Futures,
4511 2815 158 47 Inc.,

3313 2897 29 29 a
3383 2886 271 40 division
3694 2884 60 35 of
3792 2874 373 45 Educational
4203 2863 376 53 Development

3313 2940 399 54 Corporation.
3793 2938 87 40 NM:
3933 2930 326 44 revisions.
4338 2924 38 39 ©
3316 2923 1263 121 Educational
3553 2992 372 55 Development
3964 2986 401 54 Corporation;
4413 2979 262 51 15Aug73;

3313 3050 263 58 A478156.

3389 3234 160 42 Basic
3590 3230 397 44 mathematics:
4037 3238 61 30 an
4140 3226 168 42 audio
4345 3223 303 43 flashcard

3321 3293 196 42 skills
3558 3301 261 44 program.
3903 3286 164 45 Level
4101 3287 61 44 D:
3318 3282 1226 113 Multiplication
3494 3355 61 39 of
3593 3350 295 43 decimals.
3973 3347 195 43 Issued
4207 3346 66 49 by
4308 3341 373 45 Educational

3317 3411 375 52 Development
3730 3407 396 53 Corporation.
4207 3403 125 44 Kit.
4411 3403 160 51 Appl.

3320 3481 122 33 au.:
3490 3469 203 43 Donald
3730 3471 57 43 R.
3834 3468 337 41 Clarkson.&
4208 3462 201 43 Robert
4447 3463 57 43 D.

3316 3530 264 50 Kranyik.
3663 3527 157 52 Appl.
3871 3525 194 41 states
4105 3532 237 43 program
4381 3520 272 42 contains

3316 3589 138 40 much
3494 3588 62 39 of
3596 3587 95 40 the
3732 3584 232 41 content
4006 3582 61 43 of
4107 3581 130 42 Self
3323 3580 1188 108 instructional
3565 3645 161 42 basic
3764 3642 399 52 mathematics,
4209 3638 373 54 copyrighted

3322 3705 66 46 by
3421 3701 339 44 Electronic
3800 3699 262 52 Futures,
4112 3701 153 48 Inc.,
4314 3709 25 30 a
4382 3697 272 43 division

3320 3767 62 39 of
3418 3763 374 44 Educational
3828 3759 371 52 Development
4240 3756 399 52 Corporation.

3316 3825 90 42 NM:
3456 3821 328 43 revisions.
3860 3815 38 41 ©
3930 3814 373 47 Educational
3316 3814 1261 110 Development
3489 3879 397 52 Corporation;
3934 3875 260 52 15Aug73;
4237 3864 264 58 A478157.

3386 4051 160 43 Basic
3586 4044 398 46 mathematics:
4034 4051 62 30 an
4134 4039 169 41 audio
4341 4034 303 43 flashcard

3317 4110 196 43 skillB
3556 4114 261 45 program.
3896 4100 167 44 Level
4101 4102 54 39 D:
4204 4095 272 44 Division
4514 4093 62 39 of

3317 4166 294 44 decimals.
3694 4162 195 42 Issued
3930 4159 68 50 by
4032 4154 373 47 Educational

3315 4222 373 51 Development
3727 4215 396 53 Corporation.
4203 4212 126 42 Kit.
4406 4208 163 51 Appl.

3317 4294 122 33 au.:
3487 4279 198 45 Donald
3728 4279 55 39 R.
3829 4273 270 44 Clarkson
4135 4272 34 38 &
4204 4267 201 44 Robert
4444 4268 56 40 D.

3314 4340 263 51 Kranyik.
3659 4335 158 51 Appl.
3866 4331 194 44 states
4105 4337 235 43 program
4378 4322 264 44 contains

3315 4399 137 42 much
3491 4398 63 40 of
3593 4395 94 42 the
3728 4390 234 44 content
4003 4390 62 40 of
4101 4386 136 43 Self
3321 4383 1185 115 instructional
3560 4454 160 40 basic
3761 4447 401 49 mathematics,
4207 4439 369 54 copyrighted
4616 4437 68 50 by

3317 4511 335 46 Electronic
3692 4508 264 46 Futures,
4004 4503 156 49 Inc.,
4206 4508 30 31 a
4276 4497 270 42 division
4584 4495 63 38 of

3319 4571 374 48 Educational
3728 4564 374 51 Development
4140 4563 398 48 Corporation.

3319 4636 90 41 NM:
3460 4630 326 42 revisions.
3863 4625 40 38 ©
3935 4619 374 46 Educational
3320 4615 1262 118 Development
3493 4685 398 53 Corporation;
3939 4678 259 52 15Aug73:
4243 4664 262 59 A478158.

3385 4876 160 41 Basic
3586 4875 396 44 mathematics:
4031 4885 65 30 an
4135 4874 167 41 audio
4340 4872 302 44 flashcard

3316 4933 197 39 skills
3552 4942 262 42 program.
3895 4932 166 40 Level
4096 4933 57 40 D:
4201 4930 269 42 Decimals
4510 4930 98 41 and

3314 4990 329 42 fractions.
3727 4988 196 44 Issued
3959 4990 71 50 by
4061 4986 377 45 Educational

3312 5047 373 54 Development
3724 5046 396 53 Corporation.
4199 5046 126 43 Kit.
4406 5046 160 53 Appl.

3316 5113 121 34 au.:
3484 5104 200 41 Donald
3724 5105 56 44 R.
3826 5102 269 43 Clarkson
4133 5107 32 38 &
4202 5103 199 41 Robert
4439 5104 58 44 D.

3312 5161 264 48 Kranyik.
3655 5161 158 49 Appl.
3862 5158 198 43 states
4099 5168 238 41 program
4373 5157 269 44 contains

3313 5215 136 39 much
3490 5213 59 40 of
3591 5212 93 41 the
3724 5212 233 42 content
4000 5214 62 40 of
4100 5214 134 39 Self
3319 5214 1184 97 instructional
3553 5270 164 41 basic
3755 5269 400 52 mathematics,
4203 5269 371 51 copyrighted

3316 5330 66 49 by
3415 5328 336 43 Electronic
3791 5325 262 55 Futures,
4102 5329 156 50 Inc.,
4306 5338 27 30 a
4372 5326 272 43 division

3319 5387 65 39 of.
3415 5385 377 42 Educational
3825 5383 373 53 Development
4236 5383 397 52 Corporation.

3316 5446 87 41 NM:
3454 5443 325 43 revisions.
3856 5443 39 39 ©
3926 5441 374 43 Educational
3316 5440 1257 113 Development
3490 5510 397 53 Corporation;
3935 5508 258 50 15Aug73;
4239 5498 262 59 A478159.

3375 5697 163 42 Basic
3577 5697 396 44 mathematics:
4022 5707 65 32 an
4124 5698 170 41 audio
4330 5697 303 43 flashcard

3309 5755 198 40 skills
3544 5763 260 43 program.
3886 5755 167 41 Level
4088 5757 56 41 D:
4193 5756 192 51 Lines,
4434 5756 129 41 line

3310 5809 293 50 segments,
3648 5818 130 42 rays
3817 5809 97 41 and
3955 5809 225 51 angles.
4263 5810 198 41 Issued
4499 5811 69 49 by

3304 5862 374 44 Educational
3713 5863 371 52 Development
4124 5866 398 51 Corporation.

3303 5921 126 42 Kit.
3510 5921 158 53 Appl.
3717 5932 122 33 au.:
3883 5923 201 41 Donald
4124 5924 56 44 R.
4225 5922 273 43 Clarkson
4536 5927 32 37 &

3308 5979 199 40 Robert
3544 5981 57 43 D.
3646 5980 261 50 Kranyik.
3986 5979 159 51 Appl.
4195 5980 197 41 states
4432 5989 240 41 program

3307 6034 267 40 contains
3611 6036 137 38 much
3787 6035 61 38 of
3886 6034 94 40 the
4022 6034 233 42 content
4298 6037 62 38 of
4399 6037 134 39 Self

3307 6089 438 43 instructional
3782 6091 164 41 basic
3984 6091 403 52 mathematics,
3307 6101 1260 97 copyrighted
3578 6148 65 48 by
3679 6145 336 42 Electronic
4054 6147 264 52 Futures,
4366 6149 158 51 Inc.,
4573 6159 28 29 a
