4994 6624
437 429 118 49 1218

374 654 205 42 PENNEY
622 650 79 59 (J.
751 649 92 60 C.)
888 655 126 52 CO.,
1062 655 122 44 INC.
1269 655 307 42 PERSONNEL

439 712 160 42 DEPT.

439 768 132 41 Home
613 766 441 45 entertainment
1093 768 98 41 and
1228 767 171 52 major
511 766 1095 108 appliances
716 825 272 54 training
1024 835 261 46 program:
1337 826 237 54 selling

510 893 223 41 ranges.
818 886 98 39 Set
958 886 267 40 includes
1267 886 239 50 Selling
508 883 1170 107 Penncrest
715 951 227 44 ranges,
991 942 237 52 Selling
1267 946 52 41 J.
1370 944 53 43 C.
1475 946 203 48 Penney

508 999 267 45 electric
818 1011 229 42 ranges,
1093 1011 201 34 answer
1337 1002 197 43 sheets
1577 1005 32 39 &

508 1060 165 50 Range
714 1058 443 47 demonstration
1196 1060 435 55 preparations.

505 1116 135 44 With
682 1117 162 42 sound
886 1117 307 53 recording
1239 1115 369 62 (separately
1645 1130 123 42 reg.

505 1168 197 64 N6557)
781 1178 158 51 Appl.
991 1178 197 43 states
1231 1179 96 42 all
1366 1188 100 33 new
1507 1179 199 51 except

508 1234 237 53 Selling
784 1236 302 43 Pinecrest
1127 1247 228 41 ranges,
1403 1237 372 54 copyrighted

511 1294 129 49 1972
679 1297 33 38 &
747 1304 122 40 reg.
919 1294 261 50 A372207.
1261 1297 39 39 ©
1334 1298 53 41 J.
1438 1298 53 41 C.

517 1355 200 49 Penney
756 1353 124 50 Co.,
929 1354 156 48 Inc.;
1135 1345 261 54 28Feb75;
1442 1344 262 54 A457112.

376 1473 297 53 PENNIMAN,
721 1474 204 42 HOWARD
961 1475 54 40 R.

446 1530 303 43 Elections
793 1531 63 39 in
894 1530 168 44 South
1097 1531 264 43 Vietnam.

511 1588 370 51 Washington,
928 1591 159 46 D.C.,
1134 1588 272 43 American
515 1583 1099 120 Enterprise
723 1646 302 46 Institute
1070 1646 95 41 for
1204 1645 197 44 Public
1444 1646 202 49 Policy

513 1705 298 43 Research.
895 1696 98 49 246
1032 1715 55 40 p.
1176 1702 369 62 (AEI-Hoover

517 1764 201 51 policy
760 1760 260 60 studies)
1099 1764 159 50 Appl.
1309 1764 224 43 author:

517 1822 270 45 American
826 1821 338 52 Enterprise
1207 1821 330 49 Institute,

517 1882 226 40 editor.
822 1880 40 40 ©
893 1879 272 44 American
1203 1878 341 53 Enterprise

519 1939 300 46 Institute
863 1940 97 42 for
999 1939 197 45 Public
1238 1938 203 52 Policy

515 2000 299 43 Research:
863 1998 231 49 22Feb75
1145 1995 90 60 (in
1273 1999 227 45 notice:

520 2054 192 62 1972);
756 2049 241 58 A454027.

371 2168 242 43 PENNING
649 2170 64 38 DE
754 2168 193 48 VRIES,
994 2170 159 48 PIET,
1201 2171 159 51 S.J.,
1408 2172 191 43 S.T.D.

441 2228 99 40 See
581 2227 195 52 VRIES,
828 2228 130 41 PIET
994 2228 238 40 PENNING
1269 2230 91 50 DE,
1407 2228 158 52 S.J.,
441 2286 193 44 S.T.D.

383 2385 366 54 PENNINGTON,
794 2389 204 41 ALBERT
1036 2390 126 44 JOE.

451 2440 101 49 Big
591 2440 124 51 Boy,
761 2441 97 41 the
902 2441 168 52 story
1108 2443 62 40 of
1210 2454 30 29 a
1279 2446 124 48 dog.
1487 2446 98 39 100
1622 2457 57 40 p.

516 2498 39 38 ©
592 2496 198 43 Albert
832 2500 96 40 Joe
970 2500 363 52 Pennington;
1522 2502 62 49 1Jan71

529 2551 94 60 (in
657 2557 230 43 notice:
934 2553 194 62 1970);
1174 2560 264 51 A429704.

388 2670 369 57 PENNINGTON,
804 2671 236 43 CHESTER
1077 2672 56 43 A.

458 2730 306 45 Christian
802 2730 237 43 counter
1078 2729 264 45 culture.
523 2723 1033 124 Nashville,

765 2787 275 52 Abingdon
1079 2788 193 44 Press.
1354 2786 63 43 143
1487 2797 61 42 p.
519 2846 40 42 ©
593 2846 275 52 Abingdon

907 2848 192 51 Press;
1146 2846 135 52 9Apr73;
1422 2835 265 53 A426681.

371 2968 369 53 PENNINGTON,
782 2971 59 42 D.
889 2970 56 44 H.

444 3026 646 52 Seventeenth-century
1131 3031 227 48 Europe.
1440 3031 232 49 London,

509 3086 263 49 Longman.
856 3076 99 51 486
992 3097 56 39 p.
1138 3082 56 60 (A
1234 3088 235 42 General

511 3144 237 51 history
792 3146 61 38 of
892 3139 229 62 Europe)
1199 3146 38 40 ©
1270 3148 238 49 Longman

511 3203 196 50 Group,
748 3203 166 50 Ltd.;
958 3204 232 51 5May70;
1233 3194 265 59 AF56169.

352 3324 368 55 PENNINGTON,
766 3328 169 43 DAVID
970 3329 267 43 MICHAEL.
1318 3331 96 41 See

423 3382 307 46 INSURANCE
767 3387 264 43 CAREERS.

383 3495 367 54 PENNINGTON,
793 3495 228 43 EUNICE.

448 3554 205 42 Master
691 3554 65 40 of
794 3555 96 39 the
926 3552 338 44 mountains.
1345 3552 97 42 134
1479 3563 60 40 p.

514 3611 38 41 ©
587 3612 199 43 Eunice
830 3612 362 52 Pennington;
1375 3611 94 51 1Dec71;
518 3663 264 58 A429284.

350 3778 367 55 PENNINGTON,
760 3784 57 39 M.
866 3780 191 44 BASIL.
1143 3781 97 41 See

421 3838 440 41 CONTEMPLATIVE
903 3839 328 38 COMMUNITY:
1279 3840 65 35 AN
487 3835 1066 105 INTERDISCIPLINARY
937 3894 306 40 SYMPOSIUM
1268 3923 11 10 .

355 3998 367 54 PENNINGTON,
766 4001 59 41 M.
872 3999 194 53 BASIL,
1111 4000 264 44 O.C.S.O.

422 4058 98 41 The
562 4057 545 53 eleventh-century
1146 4059 339 52 background
1525 4060 63 41 of

493 4118 261 41 Clteaux.
835 4118 98 41 See
973 4117 264 53 LACKNER,
1283 4120 134 39 BEDE
1453 4120 93 51 K.,

491 4176 300 45 S.O.CIST.

425 4230 98 42 The
565 4231 329 53 Praktikos,
940 4235 265 51 chapters
1250 4239 61 39 of
1352 4248 226 42 prayer.

492 4292 99 41 See
634 4294 293 54 PONTICUS,
973 4297 297 44 EVAGRIUS.

357 4405 167 40 PENNS
565 4406 203 44 VALLEY
805 4411 363 45 PUBLISPIERS.

427 4462 29 39 A
496 4464 337 53 conceptual
875 4471 272 51 approach
1186 4475 62 40 to
1288 4477 267 53 teaching

495 4522 164 40 about
699 4526 434 53 Pennsylvania.
1218 4527 98 48 118
1354 4547 54 39 p.
1487 4538 40 39 ©
1560 4541 165 40 Penns

493 4579 204 51 Valley
733 4583 366 57 Publishers,
1147 4600 27 29 a
1217 4590 269 44 division
1528 4597 60 40 of

493 4638 201 40 Better
733 4641 339 44 Government
1112 4648 227 52 Assoc.,
1387 4654 158 47 Inc.;

557 4695 198 49 16Mar75;
799 4691 263 57 A425582.

424 4750 408 55 Pennsylvania
874 4754 336 52 government
1252 4756 63 40 in
1355 4758 227 40 action:

494 4810 271 44 Governor
802 4811 270 42 Leader’s
1113 4814 479 44 administration

501 4862 361 61 (1955-1959)
943 4871 95 38 See
1074 4871 269 50 MCGEARY,
1386 4873 59 41 M.
491 4926 229 43 NELSON.

383 5044 167 44 PENNS
586 5043 209 46 VALLEY
831 5046 365 44 PUBLISHERS.
1279 5047 99 41 See
454 5104 192 43 CHINA.

390 5235 436 51 PENNSYLVANIA.

455 5297 308 48 Annotated
804 5305 408 52 bibliography
1253 5310 61 39 of
527 5305 1063 101 Pennsylvania
735 5362 260 52 geology.
1077 5364 98 42 See
1216 5365 231 56 CRAMER,

525 5417 205 41 HOWARD
766 5422 162 42 ROSS.

454 5474 235 40 Bedrock
728 5476 97 40 and
868 5478 300 43 surficial
1210 5481 231 52 geology
1486 5484 63 39 of
1589 5484 95 40 the

516 5533 482 53 McConnellsburg
1037 5538 368 54 quadrangle,
518 5537 1167 102 Pennsylvania.
797 5594 94 38 See
934 5595 228 52 PIERCE,
1208 5598 238 41 KENNETH
1482 5603 57 39 L.

452 5663 334 42 Carbonates
832 5666 61 38 of
932 5666 98 40 the
1071 5668 168 39 lower
1276 5671 101 36 and
1412 5670 204 40 middle

520 5724 339 41 Ordovician
900 5727 62 38 in
1003 5727 233 40 central
1277 5728 436 51 Pennsylvania.

520 5782 95 40 See
658 5783 263 52 CHAFETZ,
967 5785 168 39 HENRY
1173 5785 56 40 S.

443 5850 271 41 Chemical
752 5849 269 51 analyses
1062 5847 63 41 of
1165 5848 167 40 three
1369 5847 238 41 Triasic

520 5902 84 61 (?)
651 5909 234 39 diabase
928 5908 161 40 dikes
1135 5907 62 38 in
1234 5903 436 54 Pennsylvania.

512 5968 97 40 See
652 5967 227 50 LAPHAM,
925 5966 166 40 DAVIS
1129 5966 58 39 M.

1972 655 273 42 Devonian
2281 659 169 50 Tully
2491 661 300 42 limestone
2835 664 63 39 in
2041 658 1130 104 Pennsylvania
2247 718 99 39 and
2386 719 340 50 comparison
2764 723 64 38 to
2868 724 131 49 type
3036 725 170 50 Tully

2044 772 300 43 limestone
2386 776 63 41 in
2487 778 100 40 New
2624 775 159 45 York.
2866 779 98 43 See
3003 782 229 53 HECKEL,

2041 830 204 45 PHILIP
2281 835 57 42 H.

1968 891 205 41 Fossil
2211 889 338 49 collecting
2588 891 63 38 in
2688 888 434 51 Pennsylvania.

2042 952 94 40 See
2174 948 263 52 HOSKINS,
2485 946 201 44 DONALD
2722 948 57 41 M.

1971 1015 97 44 The
2111 1014 305 53 geography
2455 1015 97 39 and
2592 1013 235 52 geology
2869 1012 61 42 of

2043 1074 131 41 Erie
2215 1074 227 50 County,
2489 1071 435 53 Pennsylvania.
3004 1072 97 41 See
2041 1131 264 53 TOMIKEL,
2351 1131 132 41 JOHN
2524 1132 56 41 C.

1968 1194 239 51 Geology
2242 1194 99 40 and
2381 1188 266 46 economic
2691 1196 300 34 resources
3034 1185 64 42 of

2041 1254 94 40 the
2173 1247 408 54 Pennsylvania
2620 1246 239 53 portion
2899 1245 63 41 of
3003 1246 93 39 the

2038 1310 238 43 Milford
2312 1310 98 39 and
2449 1309 132 39 Port
2621 1305 200 42 Jervis
2864 1302 302 51 15-minute

2040 1368 397 56 quadrangles.
2519 1367 97 41 See
2655 1363 298 51 FLETCHER,
2039 1429 169 42 FRANK
2242 1429 58 41 W.

1969 1498 233 50 Geology
2245 1497 96 40 and
2380 1494 234 44 mineral
2657 1502 300 34 resources
3001 1493 63 39 of

2041 1554 406 43 southeastern
2484 1552 270 41 Franklin
2795 1552 229 48 County,

2039 1609 432 54 Pennsylvania.
2555 1610 95 40 See
2689 1608 162 51 ROOT,
2897 1608 203 41 SAMUEL
3139 1609 53 39 I.

1973 1678 238 50 Geology
2248 1680 98 39 and
2384 1679 237 42 mineral
2662 1689 302 33 resources
3007 1684 63 38 of

2044 1737 271 42 southern
2350 1738 270 43 Somerset
2661 1739 228 52 County,
2041 1734 1131 109 Pennsylvania.

2315 1796 98 41 See
2453 1798 195 52 FLINT,
2693 1797 206 43 NORMAN
2935 1801 57 40 K.

1974 1858 241 54 Geology
2251 1864 96 39 and
2383 1864 241 44 mineral
2661 1878 304 34 resources
3008 1875 63 38 of
3111 1876 96 40 the

2042 1918 274 43 northern
2350 1922 135 42 half
2526 1925 62 41 of
2629 1926 95 40 the
2765 1930 304 41 Houtzdale

2047 1976 299 52 15-minute
2388 1982 364 56 quadrangle,
2800 1988 434 53 Pennsylvania.

2043 2035 96 42 See
2179 2039 266 56 EDMUNDS,
2485 2045 242 43 WILLIAM
2764 2048 58 40 E.

1972 2101 237 54 Geology
2249 2107 92 39 and
2380 2106 241 45 mineral
2663 2121 298 34 resources
3005 2116 63 39 of
3109 2119 96 39 the

2043 2162 268 42 southern
2349 2164 134 42 half
2523 2167 64 40 of
2626 2168 93 41 the
2764 2170 333 45 Clearfield

2042 2220 301 50 15-minute
2384 2224 365 55 quadrangle,
2795 2230 435 51 Pennsylvania.

2041 2279 95 41 See
2176 2281 228 54 GLOVER,
2452 2283 201 44 ALBERT
2689 2287 59 43 D.

1970 2351 236 50 Geology
2245 2355 93 38 and
2380 2355 236 42 mineral
2659 2368 297 34 resources
3001 2363 63 38 of
3106 2365 93 39 the

2038 2409 270 41 southern
2345 2413 133 39 half
2521 2415 60 39 of
2626 2416 91 39 the
2757 2419 99 36 New
2039 2414 1027 99 Bloomfield

2243 2470 365 52 quadrangle,
2657 2475 430 51 Pennsylvania.

2035 2526 96 41 See
2172 2529 196 52 DYSON,
2414 2530 165 42 JAMES
2618 2534 58 41 L.

1970 2590 261 51 Geology,
2277 2592 237 40 mineral
2554 2601 300 33 resources
2897 2595 98 39 and

2038 2647 441 43 environmental
2518 2650 238 52 geology
2794 2652 64 40 of
2898 2652 95 41 the

2037 2706 235 53 Palmyra
2309 2708 369 53 Quadrangle,
2723 2711 240 41 Lebanon
3000 2712 99 40 and

2035 2766 239 52 Dauphin
2312 2768 295 42 counties.
2691 2770 95 40 See
2830 2769 192 53 GEYER,
2034 2822 138 43 ALAN
2208 2827 58 39 R.

1970 2875 235 52 Geology
2248 2879 63 39 of
2351 2890 31 29 a
2418 2882 236 48 portion
2695 2883 62 41 of
2796 2886 98 38 the
2931 2887 239 41 Everett

2041 2935 303 50 15-minute
2383 2939 366 55 quadrangle,
2797 2944 234 41 Bedford

2041 2994 227 53 County,
2315 2996 433 53 Pennsylvania.
2830 3002 96 41 See
2967 3005 265 53 KNOWLES,

2036 3051 242 43 RAYMOND
2312 3056 60 41 R.

1970 3103 240 54 Geology
2248 3106 66 41 of
2350 3116 30 31 a
2416 3107 240 53 portion
2695 3108 66 41 of
2798 3109 95 40 the
2933 3109 92 42 Mt.

2041 3165 169 51 Holly
2246 3165 233 52 Springs
2521 3167 367 51 quadrangle,
2932 3166 166 42 Adams

2041 3222 100 40 and
2178 3222 341 43 Cumberland
2556 3224 299 51 Counties,
2042 3220 1095 109 Pennsylvania.

2315 3283 97 39 See
2451 3280 301 55 FREEDMAN,
2800 3282 192 45 JACOB.

1978 3334 237 54 Geology
2253 3340 63 39 of
2356 3343 336 51 flagstones
2733 3347 63 42 in
2837 3350 95 40 the
2973 3352 236 42 Endless

2042 3394 305 45 Mountains
2389 3400 226 56 region,
2660 3406 275 42 northern
2047 3405 1057 105 Pennsylvania.

2424 3460 94 40 See
2560 3461 261 55 GLAESER,
2866 3468 57 42 J.
2972 3469 260 45 DOUGLAS.

1980 3515 241 53 Geology
2256 3522 66 39 of
2359 3523 474 53 Pennsylvania’s
2875 3530 99 41 oil
3012 3534 101 39 and
3150 3544 125 41 gas.

2050 3575 97 43 See
2183 3578 233 57 WAGNER,
2459 3584 58 41 W.
2565 3586 55 42 R.

1981 3638 237 56 Geology
2257 3646 62 39 of
2359 3647 96 41 the
2497 3647 302 45 Caledonia
2838 3651 136 43 Park

2048 3701 338 53 quadrangle
2426 3715 161 42 area,
2630 3707 171 43 South
2835 3712 302 53 Mountain,

2047 3758 434 54 Pennsylvania.
2561 3764 98 41 See
2698 3766 198 55 FAUTH,
2939 3771 134 40 JOHN
3113 3773 56 40 L.

1974 3815 238 47 Geology
2251 3821 65 35 of
2356 3823 95 34 the
2491 3825 98 35 Elk
2628 3827 99 35 Run
2764 3838 96 34 gas
2902 3831 160 47 pool,

2043 3868 307 45 Jefferson
2388 3875 226 52 County,
2662 3880 433 52 Pennsylvania.

2041 3925 97 41 See
2179 3928 228 54 HEYMAN,
2456 3934 192 44 LOUIS.

1972 3994 98 40 The
2110 3998 237 50 geology
2388 4002 62 39 of
2488 4003 96 40 the
2624 4005 205 41 Hidden
2863 4008 204 52 Valley

2041 4057 99 48 Boy
2180 4059 164 40 Scout
2385 4069 132 42 camp
2557 4072 159 45 area,
2762 4069 168 50 Perry

2040 4114 229 53 County,
2315 4120 431 52 Pennsylvania.
2831 4127 96 41 See

2037 4172 230 54 MILLER,
2314 4177 135 41 JOHN
2485 4181 56 40 T.

1972 4229 242 58 Geology
2251 4240 65 39 of
2354 4243 95 41 the
2488 4245 101 43 Red
2627 4250 206 54 Valley
2873 4259 299 44 sandstone

2043 4291 64 42 in
2144 4295 200 45 Forest
2386 4303 99 40 and
2521 4307 239 54 Venango
2800 4317 297 55 counties,

2040 4351 436 55 Pennsylvania.
2555 4366 99 40 See
2692 4370 232 56 KELLEY,
2967 4375 138 45 DANA
3140 4382 60 43 R.

1975 4416 166 45 Guide
2185 4425 62 38 to
2288 4429 96 42 the
2422 4433 167 44 Horse
2630 4441 131 41 Shoe
2804 4447 163 42 Curve
3011 4456 235 43 section

2044 4477 236 46 between
2317 4486 239 46 Altoona
2596 4499 92 37 and
2731 4501 307 48 Gallitzin

2044 4538 233 43 central
2317 4546 435 53 Pennsylvania.
2833 4562 96 41 See
2971 4568 200 43 SWARTZ

2039 4594 167 42 FRANK
2244 4599 58 43 M.

1963 4653 32 40 A
2034 4655 640 71 lithostratigraphic,
2719 4683 408 52 petrographic

2034 4714 93 39 and
2171 4719 269 46 chemical
2481 4727 442 60 investigation
2963 4747 64 36 of
3067 4749 95 42 the

2029 4769 170 44 Lower
2234 4776 202 46 Middle
2479 4787 338 48 Ordovician
2858 4802 300 46 carbonate

2032 4830 159 40 rocks
2236 4833 63 42 in
2341 4842 233 42 central
2612 4849 435 53 Pennsylvania.

2027 4885 95 42 See
2165 4892 193 55 RONES,
2403 4899 229 48 MORRIS.

1949 4955 204 41 Medina
2192 4959 97 40 and
2332 4962 270 50 Oriskany
2638 4965 345 50 production
3019 4972 168 50 along

2020 5014 99 40 the
2160 5017 165 39 shore
2366 5019 63 39 of
2470 5021 129 39 Lake
2638 5023 162 51 Erie,
2847 5026 201 41 Pierce

2020 5071 194 53 Field,
2260 5075 132 40 Erie
2434 5078 228 50 County,
2710 5082 430 52 Pennsylvania.

2019 5128 97 40 See
2153 5131 233 55 KELLEY,
2430 5135 133 40 DANA
2602 5137 57 42 R.

1936 5187 34 44 A
2006 5193 202 41 method
2251 5197 100 39 for
2389 5199 373 55 determining
2009 5202 954 104 post-depositional

2456 5258 339 44 alteration
2835 5265 63 38 in
2009 5261 1096 104 underclays
2215 5312 94 39 and
2353 5316 333 41 associated

2731 5320 399 54 lithologies.
2008 5362 96 43 See
2144 5365 195 54 JARON,
2383 5370 243 44 MICHAEL
2662 5375 52 41 G.

1957 5426 96 44 Oil
2092 5434 100 38 and
2231 5442 94 42 gas
2369 5438 403 55 developments
2815 5446 64 40 in
2026 5443 1128 91 Pennsylvania
2231 5491 63 40 in
2332 5481 159 60 1966.
2573 5497 97 41 See
2709 5502 196 49 LYTLE,
2021 5499 1030 94 WILLIAM
2193 5549 58 44 S.

1953 5604 96 43 Oil
2089 5612 98 38 and
2226 5621 94 42 gas
2365 5618 402 57 developments
2812 5629 65 41 in
2020 5626 1130 87 Pennsylvania
2226 5671 64 40 in
2327 5664 161 59 1967.
2568 5680 97 41 See
2702 5684 200 51 LYTLE,
2014 5683 1032 88 WILLIAM
2188 5728 57 44 S.

1948 5779 30 39 Oil
2089 5785 96 38 and
2224 5794 95 40 gas
2361 5793 238 52 geology
2638 5798 62 38 of
2740 5799 96 42 the
2876 5803 170 53 Amity
3084 5809 94 40 and

2016 5839 337 52 Claysville
2395 5850 400 58 quadrangles,
2017 5855 1060 90 Pennsylvania.

2291 5906 95 38 See
2425 5911 267 54 MCGLADE,
2734 5916 240 46 WILLIAM
3010 5923 58 41 G.

1952 5968 97 41 Oil
2089 5974 94 38 and
2227 5983 93 41 gas
2366 5980 235 52 geology
2642 5988 59 36 of
2746 5989 92 39 the
2878 5994 201 41 Kinzua

2018 6029 366 55 quadrangle,
2428 6039 205 42 Warren
2672 6045 94 40 and
2808 6049 202 42 McKean

2018 6087 295 52 counties,
2363 6094 431 53 Pennsylvania.
2875 6108 97 39 See

2015 6142 194 53 LYTLE,
2254 6149 240 42 WILLIAM
2529 6156 57 41 S.

3433 648 96 43 Oil
3571 647 96 41 and
3706 656 96 42 gas
3843 646 240 52 geology
4123 643 60 40 of
4224 642 96 40 the
4356 640 208 40 Warren

3502 705 366 54 quadrangle,
3915 698 435 56 Pennsylvania.
4430 699 97 40 See

3502 765 194 53 LYTLE,
3739 758 243 47 WILLIAM
4019 762 56 44 S.

3433 826 129 41 Peat
3605 826 97 50 bog
3745 826 469 52 investigations
4259 828 62 40 in
3502 823 1023 106 northeastern

3777 885 433 50 Pennsylvania.
4290 888 98 37 See
3501 941 298 56 EDGERTON,
3844 945 200 42 CURTIS
4084 946 57 40 D.

3431 1001 376 56 Petrography
3844 1005 65 41 of
3947 1008 131 40 coal
4120 1007 62 39 in
4223 1006 95 41 the
4358 1006 305 44 Houtzdale

3499 1062 367 52 quadrangle,
3913 1064 340 45 Clearfield
4292 1067 229 50 County,

3500 1123 434 54 Pennsylvania.
4015 1127 97 41 See
4150 1128 197 53 KOPPE,
4392 1128 172 42 EDWIN
4600 1130 59 44 F.

3435 1183 369 46 Pleistocene
3847 1188 409 53 stratigraphy
4294 1191 63 40 of
3499 1186 1065 109 northwestern
3778 1249 433 52 Pennsylvania.
4293 1253 97 40 See
4426 1252 173 43 WHITE
4612 1283 18 31 }

3501 1308 203 42 GEORGE
3736 1309 63 42 W.

3431 1360 100 43 The
3570 1358 375 47 Precambrian
3985 1358 62 41 in
4087 1358 96 40 the
4228 1353 336 46 subsurface

3505 1421 62 40 of
3604 1419 411 44 northwestern
4053 1411 408 56 Pennsylvania
4501 1413 99 41 and

3502 1477 306 53 adjoining
3841 1486 198 32 areas.
4124 1475 95 39 See
4262 1473 227 50 SAYLOR,
3501 1535 239 42 TIMOTHY
3777 1537 59 41 E.

3436 1597 399 50 Proceedings.
3916 1601 96 39 See
4051 1601 171 42 FORUM
4260 1603 66 40 ON
4363 1604 240 42 GEOLOGY

3504 1654 66 41 OF
3609 1657 340 43 INDUSTRIAL
3981 1659 303 53 MINERALS,
4329 1662 128 52 5TH,

3502 1714 370 53 HARRISBURG,
3918 1717 125 51 PA.,
4092 1709 131 56 1969.

3433 1773 365 53 Provenance,
3847 1778 330 52 dispersal,
4223 1782 100 39 and
3505 1776 1059 102 depositional

3744 1836 404 42 environments
4192 1839 62 40 of
4293 1841 268 41 Triassic

3503 1893 302 41 sediments
3848 1895 63 40 in
3950 1896 96 40 the
4085 1897 585 55 Newark-Gettysburg

3503 1951 191 41 basin.
3775 1953 98 40 See
3916 1954 262 54 GLAESER,
4222 1957 59 42 J.
4325 1957 266 45 DOUGLAS.

3433 2009 233 44 Revised
3710 2013 609 58 lithostratigraphic
3503 2028 1025 90 nomenclature
3776 2075 62 38 of
3882 2076 93 40 the
4016 2076 338 44 Pottsville
4396 2083 96 40 and

3497 2125 307 57 Allegheny
3845 2143 199 42 groups
4096 2129 495 65 (Pennsylvanian)

3501 2185 96 43 See
3637 2189 264 53 EDMUNDS,
3946 2193 241 40 WILLIAM
4224 2196 56 41 E.

3442 2248 131 40 Salt
3617 2250 267 50 deposits
3930 2252 60 38 in
4031 2253 95 40 the
4165 2252 201 41 Salina
4408 2264 165 42 group

3514 2308 61 38 in
3616 2307 434 52 Pennsylvania.
4131 2311 98 39 See
4267 2311 336 54 FERGUSSON,
3508 2366 245 43 WILLIAM
3786 2370 59 40 B.

3434 2429 442 52 Stratigraphic
3920 2433 230 40 studies
4196 2434 60 38 of
4301 2434 92 39 the

3504 2487 274 42 Silurian
3819 2488 159 40 rocks
4025 2490 59 39 of
4126 2490 432 50 Pennsylvania.

3504 2547 98 41 See
3642 2547 161 53 CATE,
3848 2548 236 43 ADDISON
4123 2551 58 41 S.

3445 2620 407 51 Stratigraphy
3890 2622 101 40 and
4025 2621 413 53 paleontology
4478 2624 61 38 of
4579 2626 97 39 the

3508 2678 343 51 Mahantango
3889 2678 308 43 formation
4237 2681 63 40 in
3513 2676 1024 105 south-central
3787 2735 435 52 Pennsylvania.
4305 2738 96 41 See

3511 2795 263 53 ELLISON,
3821 2796 201 41 ROBERT
4065 2797 53 42 L.

3432 2856 409 52 Stratigraphy
3881 2854 62 43 of
3984 2855 169 41 lower
4193 2850 338 45 Ordovician

3500 2914 238 50 Nittany
3779 2912 269 43 dolomite
4090 2912 63 39 in
4192 2908 236 44 central

3505 2969 432 55 Pennsylvania.
4020 2971 96 40 See
4157 2967 263 52 SPELMAN,
3501 3030 170 42 ALLEN
3708 3031 58 40 R.

3430 3080 407 57 Stratigraphy
3877 3086 63 41 of
3985 3088 91 39 the
4121 3083 268 44 Cambrian
4432 3088 60 39 to

3495 3141 202 43 Middle
3742 3141 335 45 Ordovician
4121 3145 163 40 rocks
4327 3144 61 40 of
4432 3145 229 41 central

3496 3203 99 39 and
3637 3203 234 39 western
3912 3201 434 52 Pennsylvania.
4430 3200 96 41 See

3496 3256 229 52 WAGNER,
3772 3257 207 42 WALTER
4015 3259 57 42 R.

3441 3322 407 53 Stratigraphy
3892 3327 63 41 of
3994 3330 95 39 the
4130 3331 272 41 Devonian
4442 3334 267 40 trimmers

3511 3384 133 40 rock
3684 3385 62 40 in
3786 3387 239 40 eastern
4061 3387 436 54 Pennsylvania.
4580 3394 96 38 See

3509 3440 229 53 FRAKES,
3784 3443 270 42 LAWRENCE
4093 3446 59 42 A.

3431 3506 411 51 Stratigraphy
3880 3507 64 42 of
3984 3508 96 40 the
4123 3509 166 41 lower
4329 3507 341 44 Ordovician

3499 3565 239 42 Axemann
3777 3566 302 43 limestone
4121 3568 64 39 of
4225 3567 234 42 central
3503 3562 1132 121 Pennsylvania.
3880 3625 96 42 See
4018 3625 158 54 LEES,
4223 3625 136 42 JOHN
4391 3624 62 45 A.

3435 3679 436 56 Stratigraphy,
3918 3686 332 54 structure,
4294 3690 101 39 and
3506 3684 1167 111 sedimentary
3675 3741 268 51 patterns
3988 3743 63 41 in
4090 3745 96 39 the
4226 3756 170 39 upper
4433 3748 272 42 Devonian

3505 3798 61 40 of
3605 3799 270 42 Bradford
3919 3802 225 48 County,
4195 3803 432 50 Pennsylvania.

3504 3851 97 41 See
3636 3853 268 55 WOODROW,
3948 3855 204 43 DONALD
4192 3859 57 42 L.

3448 3912 306 50 Structure
3793 3927 99 39 and
3934 3931 405 58 stratigraphy
4378 3943 64 40 of
4484 3947 95 42 the

3516 3972 335 49 limestones
3893 3988 99 39 and
4034 3990 298 47 dolomites
4377 4002 64 39 of
4477 4006 240 48 Dauphin

3513 4031 229 57 County,
3788 4041 434 55 Pennsylvania.
4304 4057 98 42 See

3512 4087 365 61 MACLACHLAN,
3925 4102 168 43 DAVID
4132 4109 53 41 B.

3466 4153 31 42 A
3541 4167 235 42 summary
3815 4162 63 38 of
3916 4162 168 50 major
4124 4162 374 52 geophysical

3539 4216 239 52 logging
3814 4219 262 43 methods.
4157 4219 99 43 See
4295 4222 233 54 KELLEY,
3537 4272 133 44 DANA
3709 4277 57 43 R.

3369 4407 433 52 PENNSYLVANIA.
3886 4414 98 42 See

3431 4465 172 47 ATLAS
3643 4469 66 42 OF
3747 4467 478 48 PENNSYLVANIA'S
4261 4470 243 46 MINERAL
3504 4525 335 48 RESOURCES.

3432 4585 241 45 GEOLOGY
3709 4587 65 43 OF
3811 4587 99 42 THE
3952 4587 339 44 PITTSBURGH
4324 4587 166 45 AREA.

3437 4651 336 45 INDUSTRIAL
3812 4657 305 43 DIRECTORY
4156 4662 66 39 OF
4258 4663 100 39 THE
3498 4660 1102 99 COMMONWEALTH
3741 4714 69 41 OF
3845 4716 436 55 PENNSYLVANIA,
4329 4721 154 49 1973.

3428 4775 99 41 OIL
3564 4775 100 43 AND
3703 4776 95 43 GAS
3839 4780 407 43 DEVELOPMENTS
4290 4783 64 39 IN
3496 4777 1198 105 PENNSYLVANIA
3637 4836 64 40 IN
3739 4829 155 55 1965.

3436 4892 100 44 OIL
3569 4890 103 47 AND
3709 4894 97 44 GAS
3846 4897 409 45 DEVELOPMENTS
4298 4900 62 41 IN
3500 4895 1139 105 PENNSYLVANIA
3711 4954 64 42 IN
3815 4947 156 57 1968.

3442 5015 103 41 OIL
3577 5016 105 43 AND
3718 5019 99 42 GAS
3855 5023 410 45 DEVELOPMENTS
4306 5029 63 40 IN
3510 5075 408 46 PENNSYLVANIA
3959 5083 65 39 IN
4097 5078 99 55 1969
4232 5086 137 39 WITH
4405 5089 100 39 TEN

3509 5134 137 42 YEAR
3682 5138 207 41 REVIEW
3920 5139 105 42 AND
4060 5141 300 47 FORECAST.

3448 5181 102 42 THE
3588 5183 309 47 PETROLEUM
3933 5192 272 43 INDUSTRY
4238 5195 105 42 AND
4377 5200 102 39 THE

3516 5243 204 42 FUTURE
3759 5248 308 44 PETROLEUM
4104 5254 269 42 PROVINCE
4414 5260 63 39 IN

3515 5301 437 60 PENNSYLVANIA,
4000 5311 156 49 1970.

3442 5369 342 47 PROPERTIES
3819 5375 105 44 AND
3960 5379 131 44 USES
4133 5383 65 40 OF
4236 5384 406 47 PENNSYLVANIA

3509 5430 202 45 SHALES
3748 5435 104 42 AND
3890 5438 195 46 CLAYS.

3409 5596 435 44 PENNSYLVANIA.
3928 5597 272 51 Prepared
4240 5596 137 41 with
4417 5596 93 40 the
3482 5599 1270 104 cooperation

3655 5655 63 40 of
3760 5656 96 39 the
3893 5654 275 43 American
4207 5651 406 55 Geographical

3482 5712 260 53 Society.
3826 5713 204 43 Garden
4069 5713 159 51 City,
4275 5714 161 48 N.Y.,

3479 5773 56 40 N.
3584 5771 332 51 Doubleday.
4000 5764 66 48 64
4103 5782 55 41 p.
4250 5765 157 60 (Know
4447 5780 133 42 your

3479 5827 240 43 America
3755 5823 266 60 program)
4101 5828 161 53 Appl.
4310 5826 228 43 author:

3478 5886 208 43 Nelson
3723 5885 334 53 Doubleday,
4103 5888 160 49 Inc.,
4313 5885 268 54 employer
4620 5886 98 39 for

3484 5944 156 42 hire.
3721 5947 93 39 NM:
3862 5944 303 43 additions
4208 5947 32 37 &
4276 5943 330 44 revisions.

3477 6003 40 37 ©
3550 6003 206 42 Nelson
3792 6003 334 49 Doubleday,
4173 6005 161 44 Inc.;
4380 5994 230 56 8Jan75;
3479 6060 265 49 A399930.
