4988 6620
517 475 120 48 1220

434 722 406 46 PENNSYLVANIA
880 726 168 43 STATE
1085 728 370 55 UNIVERSITY,

501 781 346 45 UNIVERSITY
882 784 157 44 PARK.
1121 787 97 39 See

501 839 272 43 MANPOWER
806 843 377 42 DEVELOPMENT
1223 847 68 39 IN
1328 847 170 41 HUMAN

571 898 297 54 SERVICES,
917 902 326 47 1971-1972.

438 997 402 49 PENNSYLVANIA
880 1004 167 44 STATE
1086 1009 367 56 UNIVERSITY,
503 1013 1199 94 UNIVERSITY
676 1066 154 42 PARK.
913 1067 235 44 COLLEGE
1192 1070 63 41 OF
1291 1072 170 42 HUMAN
499 1073 1238 92 DEVELOPMENT.
741 1123 203 42 CENTER
983 1127 99 40 FOR
1118 1128 171 40 YOUTH
1326 1130 236 41 STUDIES
1600 1135 32 38 &

502 1176 201 42 SOCIAL
744 1180 223 44 POLICY.

504 1235 229 50 Project
772 1237 410 46 MODEC--final
1226 1245 221 50 report.
1532 1248 95 40 See

568 1294 330 54 VONDRACEK,
949 1298 132 40 FRED
1117 1300 55 39 W.

434 1431 413 42 PENNSYLVANIA
886 1432 167 39 STATE
1092 1430 366 52 UNIVERSITY,
508 1428 1200 104 UNIVERSITY
679 1489 159 43 PARK.
919 1490 344 40 MANAGEMENT
1297 1488 378 41 DEVELOPMENT

508 1548 296 42 SERVICES.

508 1604 133 41 Self
679 1604 370 43 evaluation.
1129 1604 193 43 Sheet.
1395 1603 39 39 ©
572 1601 1137 104 Pennsylvania
782 1661 164 44 State
988 1661 366 51 University;
1402 1661 260 50 30Sep72;

571 1711 265 56 A416748.

500 1781 236 50 Working
772 1779 139 43 with
950 1789 133 42 your
1123 1778 366 53 supervisor.
1570 1778 194 41 Sheet.

563 1838 38 38 ©
637 1837 411 53 Pennsylvania
1087 1837 166 42 State
1293 1837 366 50 University;

569 1895 261 52 30Sep72;
876 1888 268 55 A416749.

416 2020 429 42 PENNSYLVANIA.
931 2022 271 39 SUPERIOR
1243 2022 189 43 COURT.

484 2076 409 50 Pennsylvania
931 2078 271 49 Superior
1242 2078 167 42 Court
1448 2080 263 48 reports,

553 2134 341 51 containing
932 2145 163 31 cases
1139 2136 235 42 decided
1414 2138 66 49 by
1516 2138 98 40 the

552 2194 270 49 Superior
863 2194 165 40 Court
1069 2195 64 40 of
1174 2195 432 50 Pennsylvania.

550 2252 269 50 Reported
862 2253 65 49 by
964 2254 203 40 Norman
1207 2253 366 51 Lindenheim,
1622 2254 163 43 state

551 2311 295 49 reporter.
931 2312 193 49 Sayre,
1174 2314 123 48 Pa.,
1342 2314 270 39 Murrelle

553 2368 164 40 Print
758 2370 88 40 Co.
926 2370 40 39 ©
1000 2371 203 39 Bureau
1241 2370 65 41 of
1348 2371 430 50 Publications,

707 2427 1078 53 Dept. of Property & Supplied for the
552 2484 408 43 Commonwealth
1000 2486 62 41 of
1102 2487 433 49 Pennsylvania.
1614 2490 127 40 Vol.

552 2544 121 42 220.
753 2545 41 39 ©
827 2545 227 50 2May73;
1099 2536 264 59 A437272.

413 2652 435 42 PENNSYLVANIA.
935 2652 236 40 SUPREME
1213 2651 189 43 COURT.

484 2709 410 53 Pennsylvania
938 2710 162 42 state
1144 2710 261 52 reports,
1454 2708 341 51 containing

554 2779 165 30 cases
763 2767 234 43 decided
1036 2770 68 48 by
1143 2769 96 40 the
1282 2769 234 49 Supreme
1558 2767 166 42 Court

553 2828 67 40 of
658 2827 434 52 Pennsylvania.
1176 2826 272 53 Reported
1485 2828 70 50 by
1587 2828 208 41 Norman

554 2886 368 51 Lindenheim,
973 2887 162 41 state
1178 2886 296 53 reporter.
1558 2887 194 49 Sayre,

553 2947 126 49 Pa.,
724 2943 273 44 Murrelle
1037 2944 194 44 Print.
1282 2945 87 41 Co.
1448 2945 41 40 ©
1522 2946 206 39 Bureau

553 3000 1176 55 of Publications, Dept. of Property
553 3064 33 37 &
626 3060 268 52 Supplies
936 3062 100 38 for
1074 3062 98 39 the
1214 3060 410 41 Commonwealth
1660 3060 69 39 of

555 3116 436 51 Pennsylvania.
1069 3118 129 40 Vol.

553 3164 125 59 445.
757 3175 39 39 ©
831 3173 264 53 30Dec72;
1141 3173 264 50 A399109.

551 3233 127 51 446.
752 3241 39 38 ©
831 3234 260 57 26Jan73;
1136 3231 267 61 A413886.

453 3342 437 48 PENNSYLVANIA.
970 3344 375 46 TOPOGRAPHIC
1381 3344 33 44 &
1456 3349 270 43 GEOLOGIC

521 3404 230 46 SURVEY.

519 3464 310 45 Annotated
868 3468 410 51 bibliography
1318 3472 63 37 of

591 3523 409 54 Pennsylvania
1041 3529 263 49 geology.
1384 3529 100 41 See

591 3583 230 54 CRAMER,
866 3585 206 40 HOWARD
1109 3586 161 42 ROSS.

526 3638 234 40 Bedrock
799 3638 96 41 and
938 3638 301 41 surficial
1280 3639 234 50 geology
1556 3640 64 39 of
1659 3640 97 39 the

589 3698 480 48 McConnellsburg
1108 3699 368 49 quadrangle,
590 3698 1166 100 Pennsylvania.

868 3755 95 38 See
1006 3755 228 50 PIERCE,
1280 3756 239 39 KENNETH
1554 3757 58 40 L.

527 3811 333 43 Carbonates
904 3809 62 41 of
1004 3808 100 41 the
1145 3807 167 42 lower
1351 3805 101 42 and
1485 3805 205 40 middle

596 3867 338 38 Ordovician
974 3868 64 33 in
1077 3865 234 37 central
1352 3862 435 45 Pennsylvania.

597 3921 94 40 See
734 3918 260 51 CHAFETZ,
1043 3917 167 41 HENRY
1249 3916 56 42 S.

514 3985 269 40 Chemical
820 3984 268 48 analyses
1132 3982 63 40 of
1234 3982 169 41 three
1439 3979 237 41 Triasic

590 4036 83 59 (?)
721 4041 233 42 diabase
997 4040 161 41 dikes
1203 4039 62 40 in
1305 4036 434 51 Pennsylvania.

583 4101 96 39 See
721 4098 228 51 LAPHAM,
994 4097 166 41 DAVIS
1199 4098 58 40 M.

506 4153 272 39 Devonian
815 4150 171 49 Tully
1025 4151 302 41 limestone
1372 4150 62 39 in
574 4148 1133 102 Pennsylvania
782 4207 99 41 and
922 4206 341 50 comparison
1300 4205 63 40 to
1403 4205 131 50 type
1574 4204 171 48 Tully

578 4269 302 41 limestone
923 4268 64 40 in
1021 4268 104 40 New
1161 4267 161 42 York.
1403 4265 98 41 See

575 4330 232 51 HECKEL,
853 4328 204 41 PHILIP
1093 4329 60 41 H.

512 4400 202 40 Fossil
754 4399 339 51 collecting
1134 4402 63 39 in
1234 4402 432 50 Pennsylvania.

583 4459 95 38 See
716 4458 264 51 HOSKINS,
1028 4459 204 40 DONALD
1264 4460 59 40 M.

494 4531 96 41 The
630 4530 307 53 geography
973 4531 98 38 and
1112 4531 239 49 geology
1393 4530 60 38 of
1493 4529 130 39 Erie

567 4590 224 49 County,
837 4588 433 50 Pennsylvania.
1356 4588 95 39 See

562 4647 264 54 TOMIKEL,
873 4648 133 39 JOHN
1047 4648 54 41 C.

506 4709 239 49 Geology
782 4708 99 40 and
922 4708 266 39 economic
1232 4716 301 32 resources
1576 4717 29 27 of

578 4766 95 41 the
715 4764 407 51 Pennsylvania
1160 4764 239 52 portion
1438 4765 68 39 of
1546 4765 91 39 the

574 4824 237 41 Milford
851 4824 100 39 and
990 4825 131 37 Port
1160 4821 200 43 Jervis
1405 4822 302 47 15-minute

577 4881 398 52 quadrangles.
1058 4882 97 39 See
1196 4881 299 49 FLETCHER,
577 4938 167 39 FRANK
779 4938 60 43 W.

509 4996 234 43 Geology
785 4996 98 39 and
922 4998 236 40 mineral
1200 5007 301 31 resources
1545 4999 61 39 of

583 5053 405 42 southeastern
1027 5056 271 40 Franklin
1338 5057 229 49 County,

580 5113 432 50 Pennsylvania.
1097 5115 95 37 See
1232 5115 162 50 ROOT,
1439 5116 204 38 SAMUEL
1684 5116 53 39 I.

505 5176 237 50 Geology
778 5178 99 39 and
915 5178 237 40 mineral
1195 5187 301 32 resources
1540 5180 62 38 of

574 5234 270 40 southern
883 5234 269 41 Somerset
1193 5236 228 50 County,
571 5234 1134 99 Pennsylvania.
847 5290 96 42 See
985 5292 195 51 FLINT,
1225 5290 206 42 NORMAN
1468 5294 57 39 K.

503 5347 239 50 Geology
779 5347 95 40 and
913 5350 240 39 mineral
1192 5358 303 32 resources
1540 5353 60 37 of
1642 5353 96 37 the

571 5405 273 39 northern
882 5405 132 41 half
1056 5408 61 38 of
1158 5407 97 39 the
1297 5409 303 40 Houtzdale

574 5464 302 49 15-minute
918 5467 367 50 quadrangle,
1332 5470 435 48 Pennsylvania.

572 5524 97 36 Bee
709 5525 266 52 EDMUNDS,
1016 5528 243 38 WILLIAM
1297 5530 57 38 E.

485 5581 240 51 Geology
766 5581 91 43 and
897 5583 241 40 mineral
1182 5590 296 35 resources
1523 5583 65 40 of
1627 5583 95 40 the

559 5641 269 40 southern
865 5641 135 39 half
1041 5641 62 38 of
1144 5641 95 39 the
1280 5640 337 41 Clearfield

558 5697 301 50 15-minute
902 5698 365 51 quadrangle,
1315 5697 434 51 Pennsylvania.

556 5756 97 40 See
693 5755 230 54 GLOVER,
970 5755 203 42 ALBERT
1209 5758 58 42 D.

486 5821 237 56 Geology
761 5821 95 40 and
898 5821 237 39 mineral
1177 5829 299 32 resources
1522 5821 59 39 of
1627 5820 92 40 the

557 5859 269 49 southern
865 5869 134 39 half
1042 5872 60 37 of
1146 5872 91 38 the
1279 5874 99 38 New
557 5871 1031 96 Bloomfield
761 5927 369 50 quadrangle,
1176 5930 434 49 Pennsylvania.

554 5984 97 38 See
691 5984 196 51 DYSON,
934 5986 164 40 JAMES
1140 5988 55 40 L.

490 6045 261 51 Geology,
798 6047 238 38 mineral
1078 6056 301 32 resources
1421 6049 100 37 and

559 6104 443 41 environmental
1041 6106 238 48 geology
1318 6106 63 38 of
1422 6105 95 39 the

557 6160 236 52 Palmyra
831 6160 370 54 Quadrangle,
1248 6163 238 41 Lebanon
1523 6166 99 38 and

559 6220 237 48 Dauphin
835 6221 295 38 counties.
1214 6220 96 40 See
1351 6221 197 50 GEYER,
555 6277 139 42 ALAN
731 6280 56 40 R.

2009 721 233 51 Geology
2286 724 64 40 of
2389 735 28 29 a
2457 727 235 47 portion
2734 729 62 39 of
2836 731 95 38 the
2971 732 235 43 Everett

2079 781 301 42 15-minute
2421 785 367 53 quadrangle,
2837 790 233 41 Bedford

2077 839 230 52 County,
2352 841 433 52 Pennsylvania.
2869 847 95 39 See
3005 850 264 51 KNOWLES,

2076 897 239 42 RAYMOND
2350 900 58 42 R.

1996 957 239 52 Geology
2272 960 66 40 of
2373 967 31 32 a
2442 961 240 50 portion
2720 962 65 41 of
2824 964 95 39 the
2959 965 92 42 Mt.

2065 1015 170 51 Holly
2269 1016 234 53 Springs
2546 1019 367 52 quadrangle,
2958 1018 164 43 Adams
3166 1023 99 40 and

2065 1073 339 44 Cumberland
2443 1077 298 53 Counties,
2789 1081 431 49 Pennsylvania.

2062 1135 98 41 See
2199 1134 302 56 FREEDMAN,
2548 1138 192 45 JACOB.

1985 1196 239 51 Geology
2263 1197 62 41 of
2363 1198 338 51 flagstones
2742 1201 66 41 in
2845 1202 97 40 the
2986 1203 231 41 Endless

2051 1255 305 43 Mountains
2396 1258 230 51 region,
2671 1259 273 41 northern
2056 1260 1062 106 Pennsylvania.
2431 1316 98 42 See
2569 1318 265 54 GLAESER,
2881 1322 56 41 J.
2981 1321 266 45 DOUGLAS.

1987 1387 237 50 Geology
2263 1387 63 40 of
2364 1383 474 53 Pennsylvania’s
2881 1384 96 40 oil
3019 1384 96 40 and
3155 1391 123 41 gas.

2056 1446 96 40 See
2189 1445 233 52 WAGNER,
2464 1446 60 40 W.
2571 1445 57 41 R.

1984 1507 236 51 Geology
2260 1507 63 39 of
2364 1507 96 40 the
2501 1506 302 41 Caledonia
2844 1504 136 40 Park
2054 1503 1096 114 quadrangle
2294 1573 160 42 area,
2499 1563 171 40 South
2704 1561 300 51 Mountain,

2053 1621 436 50 Pennsylvania.
2569 1621 97 39 See
2704 1617 199 55 FAUTH,
2947 1619 135 41 JOHN
3120 1619 57 41 L.

1976 1680 239 48 Geology
2254 1677 65 40 of
2357 1676 96 40 the
2492 1675 101 41 Elk
2630 1676 101 39 Run
2769 1682 95 40 gas
2905 1675 162 46 pool,

2047 1738 306 43 Jefferson
2392 1734 227 49 County,
2668 1728 434 53 Pennsylvania.

2048 1798 97 40 See
2184 1794 229 52 HEYMAN,
2461 1792 194 42 LOUIS.

2005 1852 98 38 The
2146 1852 234 50 geology
2420 1855 64 38 of
2523 1856 95 39 the
2657 1857 204 40 Hidden
2897 1860 204 49 Valley

2074 1908 99 49 Boy
2216 1908 161 44 Scout
2420 1920 131 40 camp
2591 1921 158 43 area,
2797 1915 167 49 Perry

2073 1965 230 50 County,
2349 1967 432 50 Pennsylvania.
2866 1972 94 39 See

2074 2021 228 50 MILLER,
2348 2023 136 39 JOHN
2521 2026 54 38 T.

2010 2080 237 52 Geology
2288 2083 62 39 of
2394 2083 94 38 the
2527 2080 98 40 Red
2663 2080 203 50 Valley
2910 2082 300 38 sandstone

2087 2140 56 41 in
2185 2140 198 42 Forest
2426 2143 96 36 and
2563 2139 236 51 Venango
2842 2140 294 49 counties,

2083 2198 433 50 Pennsylvania.
2600 2197 95 39 See
2734 2196 229 51 KELLEY,
3013 2195 132 40 DANA
3184 2196 56 40 R.

2005 2251 167 42 Guide
2215 2254 62 39 to
2318 2254 94 39 the
2452 2257 168 38 Horse
2660 2257 131 40 Shoe
2831 2258 167 40 Curve
3041 2260 236 40 section

2075 2311 236 41 between
2350 2312 237 41 Altoona
2627 2314 92 39 and
2761 2317 333 50 Gallitzin,

2077 2370 234 41 central
2351 2371 433 51 Pennsylvania.
2866 2376 96 39 See
3004 2376 229 54 SWARTZ,
2074 2428 168 41 FRANK
2279 2431 58 40 M.

2006 2485 32 43 A
2078 2488 638 57 lithostratigraphic,
2762 2495 408 50 petrographic

2077 2548 93 39 and
2214 2547 271 42 chemical
2523 2549 445 53 investigation
3007 2554 65 39 of
3108 2554 98 41 the

2074 2608 170 39 Lower
2279 2608 203 40 Middle
2522 2610 341 41 Ordovician
2903 2614 301 39 carbonate

2080 2665 158 39 rocks
2282 2665 65 41 in
2387 2667 235 40 central
2660 2668 434 51 Pennsylvania.

2076 2726 95 38 See
2212 2726 195 53 RONES,
2452 2729 230 41 MORRIS.

2002 2786 203 41 Medina
2246 2788 94 40 and
2385 2791 270 51 Oriskany
2690 2793 343 50 production
3071 2797 167 50 along

2074 2846 96 40 the
2213 2848 164 39 shore
2419 2848 63 40 of
2522 2849 130 40 Lake
2691 2850 160 53 Erie,
2900 2853 200 41 Pierce

2072 2903 194 52 Field,
2312 2905 133 39 Erie
2487 2908 227 51 County,
2762 2910 433 49 Pennsylvania.

2072 2960 98 41 See
2206 2962 232 54 KELLEY,
2482 2965 135 42 DANA
2655 2967 58 42 R.

2002 3017 30 41 A
2071 3020 200 41 method
2316 3022 98 39 for
2453 3023 373 52 determining
2073 3028 956 100 post-depositional

2522 3083 338 40 alteration
2900 3086 64 38 in
2073 3086 1096 99 underclays
2279 3136 95 38 and
2417 3139 335 40 associated
2797 3141 397 51 lithologies.

2073 3190 94 40 See
2209 3190 195 54 JARON,
2450 3193 240 42 MICHAEL
2726 3195 55 43 G.

1994 3259 96 42 Oil
2130 3262 99 39 and
2269 3269 93 41 gas
2408 3263 403 53 developments
2854 3265 65 40 in
2062 3265 1131 97 Pennsylvania
2270 3319 63 41 in
2372 3310 160 59 1966.
2612 3323 97 39 See
2749 3325 196 52 LYTLE,
2059 3323 1032 99 WILLIAM
2233 3380 58 45 S.

1991 3433 98 42 Oil
2128 3437 100 39 and
2266 3444 95 42 gas
2407 3439 402 52 developments
2853 3442 67 40 in
2061 3443 1131 94 Pennsylvania
2266 3496 66 40 in
2370 3486 158 59 1967.
2609 3499 96 40 See
2745 3500 199 55 LYTLE,
2057 3500 1032 98 WILLIAM
2230 3557 57 43 S.

1989 3610 97 41 Oil
2129 3610 95 40 and
2266 3619 95 40 gas
2403 3613 238 48 geology
2680 3612 61 39 of
2782 3613 96 38 the
2920 3613 169 50 Amity
3127 3613 93 40 and

2060 3668 337 53 Claysville
2440 3670 398 51 quadrangles,
2064 3670 1056 97 Pennsylvania.
2336 3728 95 38 See
2470 3729 267 51 MCGLADE,
2779 3730 240 39 WILLIAM
3055 3730 59 38 G.

1993 3793 97 40 Oil
2129 3795 97 38 and
2269 3802 93 43 gas
2407 3796 236 49 geology
2683 3797 60 39 of
2788 3796 90 41 the
2920 3799 202 40 Kinzua

2061 3852 366 45 Quadrangle,
2468 3856 207 35 Warren
2714 3857 94 34 and
2851 3859 201 34 McKean

2061 3905 295 50 counties,
2407 3907 431 49 Pennsylvania.
2920 3911 97 40 See

2060 3962 193 51 LYTLE,
2297 3963 243 40 WILLIAM
2575 3965 57 41 S.

1996 4021 98 44 Oil
2132 4024 98 39 and
2270 4033 95 40 gas
2407 4023 239 49 geology
2684 4022 65 42 of
2789 4024 97 39 the
2920 4023 210 40 Warren

2065 4082 366 50 quadrangle,
2481 4081 432 51 Pennsylvania.
2995 4082 96 40 See

2065 4140 193 50 LYTLE,
2300 4138 245 40 WILLIAM
2581 4141 57 38 S.

1988 4196 127 41 Peat
2160 4196 98 48 bog
2301 4192 471 50 investigations
2818 4192 62 39 in
2059 4193 1025 103 northeastern
2334 4251 433 51 Pennsylvania.
2851 4252 93 38 See

2059 4312 297 52 EDGERTON,
2403 4312 199 39 CURTIS
2644 4312 56 38 D.

1990 4373 375 52 Petrography
2403 4374 66 39 of
2508 4375 130 39 coal
2680 4373 64 42 in
2784 4375 94 39 the
2919 4375 303 42 Houtzdale

2057 4431 367 49 quadrangle,
2471 4430 341 42 Clearfield
2851 4432 228 51 County,

2058 4485 436 52 Pennsylvania.
2574 4486 98 39 See
2710 4485 198 52 KOPPE,
2952 4487 172 41 EDWIN
3159 4488 60 44 F.

1987 4539 371 41 Pleistocene
2401 4540 409 52 stratigraphy
2850 4543 61 39 of
2050 4542 1067 97 northwestern
2332 4599 432 50 Pennsylvania.
2848 4603 96 38 See
2980 4603 198 51 WHITE,

2053 4654 204 43 GEORGE
2290 4655 62 42 W.

2008 4714 97 39 The
2147 4714 374 40 Precambrian
2562 4714 63 39 in
2666 4715 95 39 the
2806 4715 333 40 subsurface
3182 4715 62 40 of

2077 4772 411 41 northwestern
2527 4772 407 50 Pennsylvania
2972 4774 100 38 and

2078 4828 306 51 adjoining
2422 4840 193 30 areas.
2701 4829 95 39 See
2839 4829 225 50 SAYLOR,

2076 4885 240 40 TIMOTHY
2353 4887 55 39 E.

1999 4943 400 49 Proceedings.
2482 4948 95 38 See
2615 4948 172 41 FORUM
2824 4951 68 39 ON
2926 4951 242 43 GEOLOGY
3204 4953 64 40 OF

2069 5002 341 42 INDUSTRIAL
2442 5006 303 53 MINERALS,
2788 5009 128 50 5TH,

2066 5060 368 54 HARRISBURG,
2479 5065 127 51 PA.,
2653 5057 157 57 1969.

1993 5125 367 49 Provenance,
2408 5125 331 50 dispersal,
2785 5127 99 38 and
2065 5124 1059 100 depositional
2304 5182 405 40 environments
2753 5183 62 39 of
2854 5184 268 40 Triassic

2063 5240 301 41 sediments
2409 5240 63 39 in
2511 5240 96 39 the
2647 5240 583 51 Newark-Gettysburg

2062 5298 192 41 basin.
2336 5298 98 40 See
2478 5297 262 51 GLAESER,
2784 5300 58 39 J.
2888 5297 263 42 DOUGLAS.

1984 5365 234 40 Revised
2263 5358 610 52 lithostratigraphic
2056 5365 1025 100 nomenclature
2329 5421 63 39 of
2437 5420 93 38 the
2572 5416 335 42 Pottsville
2948 5416 98 38 and

2053 5477 306 53 Allegheny
2398 5486 200 41 groups
2650 5463 496 64 (Pennsylvanian)

2056 5536 96 39 See
2191 5533 264 51 EDMUNDS,
2501 5530 240 42 WILLIAM
2778 5530 58 40 E.

1987 5596 132 42 Salt
2162 5595 268 53 deposits
2474 5594 63 40 in
2576 5593 95 40 the
2713 5591 200 41 Salina
2954 5599 166 42 group

2060 5656 64 39 in
2162 5650 434 51 Pennsylvania.
2677 5649 99 41 See
2815 5647 333 50 FERGUSSON,

2056 5710 243 43 WILLIAM
2336 5710 56 41 B.

1986 5759 441 53 Stratigraphic
2471 5759 230 41 studies
2746 5761 61 38 of
2852 5759 91 40 the

2054 5818 275 43 Silurian
2369 5818 161 40 rocks
2575 5818 61 39 of
2677 5817 432 50 Pennsylvania.

2054 5879 98 39 See
2194 5877 159 50 CATE,
2399 5877 238 39 ADDISON
2675 5877 57 42 S.

1986 5938 406 50 Stratigraphy
2432 5940 100 38 and
2566 5938 412 50 paleontology
3015 5939 65 40 of
3117 5939 101 40 the

2050 5996 342 49 Mahantango
2431 5996 306 42 formation
2777 5998 63 39 in
2881 5997 197 40 south-

2054 6053 234 40 central
2329 6053 434 50 Pennsylvania.
2846 6055 95 38 See

2053 6111 263 50 ELLISON,
2362 6112 201 37 ROBERT
2605 6112 54 41 L.

3510 721 409 52 Stratigraphy
3959 723 63 40 of
4061 722 97 42 the
4199 722 271 41 Cambrian
4508 723 65 40 to

3577 780 201 43 Middle
3820 781 339 41 Ordovician
4202 781 160 40 rocks
4406 781 64 39 of
4509 781 236 43 central

3578 840 95 39 and
3712 839 241 39 western
3991 837 435 50 Pennsylvania.
4508 839 97 41 See

3576 896 232 53 WAGNER,
3851 896 208 41 WALTER
4097 898 55 42 R.

3511 955 405 52 Stratigraphy
3959 958 63 40 of
4061 958 97 40 the
4198 959 270 41 Devonian
4509 960 268 41 trimmers

3582 1016 133 39 rock
3754 1015 63 40 in
3855 1016 235 40 eastern
4129 1015 435 51 Pennsylvania.
4648 1018 95 40 See

3580 1072 228 54 FRAKES,
3854 1073 269 41 LAWRENCE
4162 1075 60 42 A.

3502 1137 411 51 Stratigraphy
3949 1138 65 41 of
4051 1138 99 40 the
4192 1139 168 39 lower
4399 1138 342 42 Ordovician

3568 1194 242 43 Axemann
3849 1195 301 42 limestone
4192 1196 65 40 of
4296 1196 234 41 central
3575 1193 1132 115 Pennsylvania.
3950 1257 98 40 See
4088 1256 160 53 LEES,
4297 1256 132 42 JOHN
4463 1253 62 46 A.

3490 1314 411 51 Stratigraphy
3937 1315 65 39 of
4042 1314 168 41 lower
4249 1312 339 42 Ordovician

3559 1372 239 51 Nittany
3836 1372 266 41 dolomite
4146 1372 65 42 in
4247 1372 238 41 central
3557 1369 1203 105 Pennsylvania.
3834 1431 97 40 See
3972 1429 263 54 SPELMAN,
4282 1430 173 41 ALLEN
4489 1430 57 44 R.

3499 1485 433 52 Stratigraphy,
3982 1484 330 50 structure,
4360 1483 96 39 and
3571 1481 1166 116 sedimentary
3740 1545 266 49 patterns
4051 1543 64 39 in
4153 1543 98 40 the
4293 1552 166 39 upper
4500 1539 272 44 Devonian

3568 1602 64 42 of
3669 1601 271 42 Bradford
3982 1600 229 51 County,
4260 1598 436 51 Pennsylvania.

3569 1660 95 42 See
3701 1658 266 49 WOODROW,
4015 1654 203 48 DONALD
4259 1658 56 44 L.

3494 1716 302 41 Structure
3838 1717 99 39 and
3979 1716 407 51 stratigraphy
4424 1717 63 41 of
4530 1717 94 41 the

3565 1774 333 43 limestones
3941 1777 100 39 and
4081 1775 300 42 dolomites
4426 1776 62 40 of
4525 1776 239 52 Dauphin

3565 1832 227 52 County,
3840 1833 433 52 Pennsylvania.
4355 1836 97 40 See

3564 1890 367 52 MACLACHLAN,
3976 1891 169 40 DAVID
4183 1892 57 41 B.

3484 1954 32 41 A
3559 1965 237 40 summary
3834 1956 63 39 of
3934 1956 169 48 major
4144 1953 373 52 geophysical

3557 2013 239 50 logging
3831 2012 265 41 methods.
4178 2011 97 41 See
4315 2011 231 51 KELLEY,
3556 2070 133 41 DANA
3728 2071 58 42 R.

3436 2188 1272 52 PENNSYLVANIA. TOPOGRAPHIC & GEOLOGIC
3505 2248 227 46 SURVEY.
3816 2253 99 40 See
3501 2306 171 44 ATLAS
3713 2311 65 40 OF
3817 2310 477 44 PENNSYLVANIA’S
4329 2311 244 45 MINERAL

3574 2367 331 43 RESOURCES.

3499 2429 240 44 GEOLOGY
3776 2434 67 39 OF
3879 2434 99 40 THE
4021 2434 337 43 PITTSBURGH
4391 2437 167 43 AREA.

3496 2491 103 40 OIL
3631 2491 101 42 AND
3769 2492 99 40 GAS
3907 2493 408 41 DEVELOPMENTS
4358 2495 65 40 IN
3562 2494 1202 99 PENNSYLVANIA
3702 2551 68 40 IN
3805 2542 157 57 1965.

3502 2606 99 41 OIL
3636 2608 104 42 AND
3777 2610 98 40 GAS
3916 2613 406 43 DEVELOPMENTS
4367 2619 62 39 IN
3571 2665 408 45 PENNSYLVANIA
4021 2672 63 40 IN
4124 2667 157 58 1968.

3506 2731 103 39 OIL
3641 2730 104 43 AND
3782 2730 98 42 GAS
3921 2731 409 42 DEVELOPMENTS
4370 2733 65 39 IN
3575 2788 410 44 PENNSYLVANIA
4026 2792 64 39 IN
4130 2784 133 57 1969
4298 2791 138 41 WITH
4472 2792 101 40 TEN

3575 2848 137 43 YEAR
3748 2851 205 39 REVIEW
3988 2848 102 42 AND
4128 2848 300 44 FORECAST.

3505 2901 104 39 THE
3648 2899 309 42 PETROLEUM
3993 2899 275 43 INDUSTRY
4300 2899 105 41 AND
4440 2900 103 40 THE

3577 2961 204 40 FUTURE
3820 2960 310 40 PETROLEUM
4166 2958 271 42 PROVINCE
4477 2959 65 41 IN

3579 3015 438 54 PENNSYLVANIA,
4065 3018 156 49 1970.

3503 3076 340 40 PROPERTIES
3878 3076 105 39 AND
4021 3076 131 39 USES
4193 3076 65 38 OF
4297 3073 408 42 PENNSYLVANIA

3571 3134 202 41 SHALES
3811 3133 104 41 AND
3952 3133 195 41 CLAYS.

3432 3254 271 45 PENNWALT
3742 3259 156 42 CORP.
3982 3262 273 42 KEYSTONE
4292 3266 296 45 DIVISION.

3496 3314 272 50 Keystone
3810 3317 306 49 precision
4158 3321 362 46 lubricants:

3569 3372 374 43 lubrication
3982 3377 192 50 guide.
4261 3382 60 40 11
4360 3393 57 40 p.

3574 3424 300 61 (Bulletin
3913 3433 195 57 LG-73)
4186 3438 157 50 Appl.
4394 3441 226 44 author:

3563 3488 204 42 Robert
3803 3493 58 40 V.
3908 3494 266 47 Merrell.
4253 3497 38 40 ©
4322 3499 270 50 Keystone

3562 3546 275 43 Division
3876 3550 64 39 of
3981 3553 269 42 Pennwalt
4291 3556 191 51 Corp.;
3568 3605 258 52 15May73;
3873 3601 262 58 A435294.

3489 3669 268 50 Keystone
3800 3670 132 39 wire
3976 3679 129 42 rope
4147 3670 330 51 dressings.
4525 3673 31 48 7
4592 3683 56 41 p.

3565 3723 303 61 (Bulletin
3903 3727 268 57 WRD-137)
4247 3731 161 50 Appl.
4457 3730 230 43 author:

3560 3786 200 41 Robert
3798 3788 58 39 V.
3905 3788 263 39 Merrell.
4247 3787 39 39 ©
4318 3789 269 49 Keystone

3556 3844 276 41 Division
3875 3845 62 40 of
3975 3845 268 42 Pennwalt
4285 3847 194 47 Corp.;
4525 3847 230 48 5Jan73;

3558 3889 265 57 A405605.

3489 3954 337 53 Keystone's
3869 3956 130 38 fine
4041 3954 201 50 family
4279 3955 65 38 of
4384 3955 132 37 food
3559 3959 1196 106 processing
3728 4012 365 41 lubricants.
4177 4011 63 40 11
4277 4021 57 39 p.
4423 4005 301 61 (Bulletin

3559 4063 226 60 FP-237)
3866 4070 158 49 Appl.
4073 4068 227 41 author:
4351 4067 199 40 Robert
4590 4067 53 40 V.

3555 4127 263 41 Merrell.
3898 4126 38 37 ©
3971 4127 268 48 Keystone
4281 4126 272 37 Division
4592 4124 62 38 of

3559 4183 269 42 Pennwalt
3869 4184 194 49 Corp.;
4112 4182 226 48 2Mar73;
4383 4181 262 48 A414477.

3494 4232 337 51 Keystone's
3874 4234 234 42 textile
4150 4235 365 50 task-force;

3559 4291 274 42 bulletin
3871 4293 261 47 TXT-337.
4216 4295 62 41 11
4318 4305 56 39 p.
4457 4296 158 48 Appl.

3561 4349 226 41 author:
3838 4351 199 39 Robert
4078 4351 54 41 V.
4178 4351 265 42 Merrell.

3555 4407 39 38 ©
3628 4408 270 50 Keystone
3938 4409 298 51 Division,
4288 4411 267 40 Pennwalt

3562 4467 192 50 Corp.;
3802 4468 228 48 9Mar73;
4078 4468 261 48 A417902.

3463 4588 173 41 PENNY
3665 4591 370 52 ASSOCIATES,
4086 4595 121 41 INC.

3535 4640 227 58 "What,"
3811 4642 192 58 "why,"
4048 4651 98 39 and
4190 4645 156 48 "how"
4394 4654 63 39 of
4498 4655 302 53 selecting

3600 4714 30 30 a
3668 4706 134 40 full
3844 4710 229 38 service
4115 4710 203 40 dental
4359 4712 363 53 laboratory.

3598 4763 227 43 Folder.
3906 4767 160 50 Appl.
4116 4768 225 43 author:
4387 4771 204 40 Alfred

3598 4823 330 50 Rosenberg.
4005 4824 39 37 ©
4080 4827 175 49 Penny
4284 4828 369 51 Associates,

3601 4881 155 48 Inc.;
3806 4880 261 52 25Apr73;
4112 4875 265 58 A432505.

3438 4987 172 40 PENNY
3646 4988 193 40 PRESS.

3507 5048 165 49 Penny
3714 5049 166 39 stock
3922 5050 294 48 handbook,
4266 5051 157 47 1973.
4505 5054 95 38 See

3574 5107 162 48 LOVE,
3780 5108 133 38 JOHN
3952 5109 92 46 D.,
4089 5109 91 38 ed.

3442 5203 399 51 PENNYPACKER,
3890 5203 165 39 ISAAC
4099 5202 255 41 RUSLING.

3510 5264 96 38 The
3649 5259 429 51 Redemptioner.
4163 5259 95 41 1st
4303 5260 83 39 ed.
4475 5258 257 47 Chester,

3580 5321 189 47 Conn.,
3823 5317 197 50 Pequot
4064 5318 188 39 Press.
4338 5317 97 47 175
4475 5326 54 39 p.

3574 5377 39 38 ©
3649 5376 198 52 Pequot
3891 5378 192 47 Press,
4133 5377 157 48 Inc.;
4339 5376 263 48 17Nov72;
3577 5425 261 58 A398216.

3416 5544 402 52 PENNYPACKER,
3859 5545 278 41 VIRGINIA
4175 5546 230 44 BROOKE.

3482 5601 169 41 Masks
3691 5600 99 43 and
3827 5602 201 42 voices
4075 5603 60 41 in
4177 5604 93 40 the
4310 5605 212 50 poetry
4555 5605 63 41 of

3550 5659 239 42 Wallace
3830 5661 263 42 Stevens.
4171 5662 104 39 Ann
4309 5662 198 50 Arbor,
3556 5661 1201 111 University
3724 5717 338 44 Microfilms
4105 5719 245 52 Library
4382 5720 268 42 Services

3561 5766 288 65 (73-5897)
3929 5777 335 44 Microfilm.
4355 5773 299 60 (Doctoral

3553 5835 411 43 dissertation
4004 5833 224 50 series)
4306 5836 39 41 ©
4378 5838 276 50 Virginia

3552 5894 202 41 Brooke
3793 5894 401 53 Pennypacker;
4242 5896 262 51 30Mar73;
3550 5942 268 53 A426214.

3439 6062 196 56 PENON,
3678 6067 172 43 ROGER
3883 6070 233 47 VICTOR.

3505 6124 436 55 Electronique.
4024 6134 98 41 See
4163 6136 270 45 INSTITUT
3572 6142 1038 92 TECHNIQUE
3782 6190 470 59 PROFESSIONNEL,
4298 6199 192 43 PARIS.
