5012 6593
4492 372 120 53 1609

293 608 169 41 Black
499 607 167 52 poets
712 608 63 39 of
819 608 92 39 the
953 606 203 42 United
1195 607 227 49 States,

364 668 136 42 from
537 668 133 43 Paul
712 668 269 42 Laurence
1021 667 204 41 Dunbar
1267 667 61 39 to

363 727 274 49 Langston
677 730 227 46 Hughes.
988 728 96 38 See
1122 728 231 49 WAGNER,

362 786 137 40 JEAN
537 787 55 40 P.

299 841 414 44 Constitution
751 845 205 50 making
997 846 61 40 in
1099 847 294 52 Illinois,

371 890 333 57 1818-1970.
786 904 97 38 See
925 903 331 54 CORNELIUS,

370 959 195 43 JANET.

284 1025 368 44 Constructo:
703 1037 30 29 a
772 1027 302 44 heuristic
1117 1040 132 41 game
1289 1033 100 39 for

355 1085 413 42 construction
804 1089 367 49 management.
1254 1092 99 40 See

353 1145 230 51 HALPIN,
632 1146 206 42 DANIEL
873 1150 58 40 W.

293 1226 98 40 The
436 1225 201 40 effect
682 1227 60 38 of
784 1226 203 48 drying
1027 1236 61 29 on
1133 1226 92 39 the
368 1226 1098 96 freeze-thaw

541 1285 342 48 durability
923 1286 59 37 of
1026 1286 295 38 concrete.
1402 1285 99 39 See

362 1344 164 50 WONG,
574 1344 55 41 A.
680 1345 56 41 Y.
783 1345 55 40 C.

328 1413 100 40 The
471 1421 306 40 emergence
817 1413 67 39 of
919 1411 239 43 Richard
1195 1413 230 49 Wright.

399 1472 99 40 See
541 1471 299 55 KINNAMON,
886 1472 228 43 KENETH.

329 1538 100 41 The
469 1538 240 50 English
747 1541 167 39 novel
957 1541 64 40 in
1061 1543 95 38 the
1198 1542 342 42 nineteenth

402 1597 262 50 century.
747 1601 99 39 See
886 1601 231 52 GOODIN,
1163 1603 230 46 GEORGE,
1441 1604 88 40 ed.

294 1665 97 39 The
436 1663 267 41 feminine
747 1663 328 40 character.
1159 1664 96 37 See
1295 1662 196 50 KLEIN,

363 1723 195 40 VIOLA.

314 1788 100 38 For
454 1787 96 39 the
594 1784 163 42 first
797 1786 166 38 hours
1007 1784 62 39 of
1111 1784 291 39 tomorrow:

387 1844 94 40 the
523 1853 102 30 new
661 1842 269 41 Illinois
970 1840 135 42 bill
1145 1840 64 40 of
1248 1839 226 50 rights.

385 1904 96 39 See
523 1902 194 51 GERTZ,
765 1901 192 41 EIMER.

283 1967 99 39 The
425 1968 203 48 garden
667 1967 96 39 and
805 1967 96 39 the
941 1975 122 40 map:
353 1966 962 109 schizophrenia
635 2025 62 41 in
736 2023 581 51 twentieth-century

358 2080 336 43 literature
737 2084 98 39 and
877 2080 257 43 culture.
1221 2082 95 39 See

352 2142 232 52 VERNON,
632 2143 156 41 JOHN.

298 2216 200 41 Hart's
541 2215 231 50 Bridge.
854 2216 98 38 See
993 2214 161 53 PAUL,
1200 2215 264 41 SHERMAN.

295 2288 102 42 I'm
436 2288 273 49 somebody
748 2286 332 51 important.
1162 2286 96 39 See

363 2347 301 52 MITCHELL,
709 2347 233 42 GEORGE.

297 2407 363 52 Immigrants,
709 2406 296 51 Baptists,
1055 2406 92 41 and
1192 2405 94 39 the

366 2464 335 44 Protestant
742 2465 131 39 mind
920 2465 60 39 in
1019 2464 261 42 America.
1363 2465 97 39 See

363 2526 193 49 DAVIS,
605 2525 272 40 LAWRENCE
917 2525 52 42 B.

295 2593 98 41 The
439 2591 300 43 incarnate
777 2593 160 41 word.
1020 2592 97 41 See
1157 2592 227 51 NELSON,

365 2653 159 44 CARY.

294 2715 171 41 Latin
500 2713 275 44 American
812 2713 448 42 modernization
366 2714 1065 101 problems.
607 2773 97 42 See
744 2773 196 51 SCOTT,
985 2772 205 42 ROBERT
1228 2773 94 49 E.,
1369 2771 90 42 ed.

336 2850 126 50 Law,
507 2850 301 50 politics,
856 2850 98 38 and
997 2848 164 40 birth
1201 2848 263 40 control.

406 2907 97 41 See
545 2907 230 51 DIENES,
822 2908 57 40 C.
925 2904 231 44 THOMAS.

295 2975 275 51 Lobbying
607 2975 63 40 at
713 2975 95 39 the
850 2973 266 43 Illinois
365 2972 1204 102 Constitutional
470 3035 366 40 Convention.
916 3036 98 38 See
1057 3034 227 50 BURMAN,
1334 3034 95 40 IAN
1468 3035 57 41 D.

308 3104 95 41 The
448 3100 267 53 politics
761 3100 63 40 of
863 3099 167 39 urban
1072 3095 297 51 planning.
1451 3093 94 39 See

380 3163 162 49 JUDD,
587 3161 202 39 DENNIS
828 3160 58 38 R.

332 3231 401 51 Proceedings.
814 3228 97 41 See
952 3225 307 44 SYMPOSIUM
1300 3224 60 39 ON

403 3286 375 46 INCREMENTAL
811 3285 207 42 MOTION
1059 3282 237 42 CONTROL

401 3345 236 44 SYSTEMS
679 3343 99 42 AND
816 3339 267 54 DEVICES,
1130 3340 90 51 2D,

402 3403 342 45 UNIVERSITY
784 3403 65 40 OF
889 3398 297 54 ILLINOIS,
1234 3396 157 50 1973.

326 3475 278 46 Recovery
640 3469 139 40 with
815 3465 263 53 aphasia.
1159 3466 99 40 See
1297 3463 163 52 MOSS,

400 3534 57 42 C.
504 3532 195 43 SCOTT.

302 3597 35 38 A
376 3605 233 31 reverse
652 3594 335 47 dictionary
1032 3590 64 41 of
1135 3591 96 39 the
1273 3586 237 51 Spanish

373 3655 300 48 language.
757 3652 95 38 See
895 3649 195 52 STAHL,
1136 3647 133 40 FRED
1306 3646 163 41 ALAN.

298 3715 372 52 Systematics
713 3716 95 39 and
851 3713 239 50 biology
1129 3712 62 40 of

1231 3710 96 41 the
370 3710 1129 105 woodland
543 3774 235 50 jumping
813 3782 198 39 mouse,
1058 3773 373 47 Napaeozapus

370 3832 296 48 insignis.
751 3833 93 38 See
885 3830 267 51 WRIGLEY,
1195 3829 206 40 ROBERT
1441 3828 55 40 E.

310 3902 65 37 To
414 3900 166 48 judge
615 3899 139 40 with
795 3899 259 48 justice:
1105 3899 232 48 history
1378 3898 99 40 and

376 3955 271 51 politics
691 3956 62 39 of
793 3955 268 41 Illinois
1105 3955 267 49 judicial

380 4013 227 42 reform.
691 4013 96 39 See
828 4013 160 50 COHN,
1032 4012 171 41 RUBIN
1240 4013 57 42 G.

335 4078 32 40 A
409 4080 201 40 vector
650 4079 272 50 approach
965 4079 62 38 to
1067 4078 305 40 Euclidean

407 4138 298 49 geometry.
788 4136 98 41 See
925 4133 266 55 VAUGHAN,
1237 4134 238 41 HERBERT
1513 4136 57 39 E.

307 4199 98 41 The
444 4206 173 30 woman
657 4195 262 39 citizen:
969 4191 200 39 social
1210 4190 270 39 feminism

380 4257 65 38 in
485 4256 95 39 the
623 4253 193 50 1920s.
899 4252 98 39 See
1037 4249 229 50 LEMONS,
1313 4248 56 39 J.

379 4315 265 42 STANLEY.

273 4429 345 45 UNIVERSITY
655 4429 66 43 OF
761 4428 297 45 ILLINOIS.
1142 4430 167 42 BOARD
1348 4430 66 42 OF

341 4489 302 44 TRUSTEES.
724 4489 98 43 See

343 4548 306 44 LIBRARIES
688 4547 104 43 AND
827 4549 413 41 NEIGHBORHOOD
410 4547 1104 102 INFORMATION
587 4607 265 43 CENTERS.

232 4711 345 46 UNIVERSITY
612 4714 68 42 OF
717 4712 298 54 ILLINOIS,
1062 4708 231 48 URBANA.

299 4774 270 42 Rhetoric
614 4774 63 41 in
717 4775 235 48 thought
993 4775 97 38 and
1129 4773 266 50 writing,
1445 4766 54 49 4.

370 4831 96 41 See
510 4831 159 53 LEVY,
716 4829 203 42 EDWARD
958 4832 57 40 R.

238 4951 339 40 UNIVERSITY
614 4951 67 39 OF
718 4949 161 53 IOWA,
926 4948 134 41 IOWA
1100 4951 157 40 CITY.

305 5009 96 39 The
443 5008 233 50 anatomy
720 5008 63 39 of
823 5008 96 39 the
961 5009 132 38 oral
1134 5008 228 49 cavity.
1444 5005 96 39 See

370 5066 269 53 MOFFATT,
685 5066 168 42 DAVID
893 5067 56 41 J.

321 5129 34 39 A
398 5133 442 48 comprehensive
880 5133 272 47 analysis
1195 5135 62 34 of
396 5134 1069 94 Grandview
571 5190 269 50 Hospital
880 5191 101 37 and
1021 5190 96 40 its
1159 5191 165 38 vital

401 5249 235 40 service
673 5260 159 31 area.
917 5249 95 39 See
1054 5250 264 51 HARTMAN,

396 5307 262 43 GERHARD.

328 5366 440 54 Comprehensive
808 5360 204 42 health
1051 5354 273 53 planning

395 5425 269 51 analysis
710 5424 98 38 for
847 5421 95 38 the
983 5416 204 50 Dayton
1225 5420 159 31 area:
1432 5419 30 28 a

400 5489 232 49 systems
668 5483 199 41 model.
953 5479 94 38 See
1089 5471 265 51 HARTMAN,

398 5545 264 43 GERHARD.

302 5606 32 41 A
373 5609 585 51 computer-assisted
997 5620 201 32 course
1243 5612 60 39 in

373 5668 237 49 alfeebra
650 5669 99 39 and
793 5668 432 51 trigonometry.
1306 5669 99 40 See

373 5724 336 54 JORGENSEN,
754 5725 238 42 DOUGLAS
1028 5725 61 43 A.

302 5800 32 41 A
376 5800 583 51 computer-assisted
998 5807 201 31 course
1243 5797 62 40 in
376 5796 1170 113 elementary
549 5868 167 41 group
757 5858 227 49 theory.
1067 5855 98 42 See
1205 5856 231 50 ROSIER,

375 5915 172 42 FRANK
582 5917 197 41 JAMES.

1787 617 30 41 A
1859 618 581 52 computer-assisted
2480 624 200 34 ctmrse
2724 618 61 39 in
1860 618 1168 113 elementary
2031 678 201 41 number
2274 676 225 53 theory.
2582 676 99 41 See
2721 675 231 53 ROSIER,

1858 737 171 40 FRANK
2064 737 196 40 JAMES.

1799 799 475 51 Computer-based
2316 809 199 31 course
2559 800 63 39 in
2663 799 94 41 the
1869 800 1203 100 fundamentals
2039 860 64 39 of
2142 858 402 42 mathematics.
2627 858 97 42 See
2764 857 101 41 VAN

1865 915 368 54 SPEYBROECK,
2278 918 59 41 J.
2428 946 12 11 O.

1780 987 32 41 A
1854 989 272 50 computer
2166 986 270 41 oriented
2476 995 201 31 course
2721 984 62 41 in

1857 1047 198 41 linear
2096 1045 262 50 algebra.
2442 1044 96 39 See
2578 1040 369 52 MCLAUGHLIN,

1855 1102 205 42 DONALD
2096 1104 56 41 E.

1805 1155 302 54 Directory
2151 1159 63 39 of
2254 1157 164 41 music
2462 1159 272 37 research
2773 1157 330 41 libraries.

1876 1216 95 42 See
2015 1216 227 52 BENTON,
2287 1214 162 54 RITA,
2497 1215 90 42 ed.

1802 1282 342 50 Elementary
2185 1280 362 42 statistics.
2631 1276 97 43 See
2768 1277 196 51 HERUM,

1875 1339 134 43 GARY
2042 1340 59 41 W.

1818 1399 406 50 Experimental
2268 1400 268 40 research
2577 1399 64 40 in
2681 1399 96 41 the

1885 1460 341 49 psychology
2265 1460 65 40 of
2366 1460 195 40 music.
2645 1460 98 40 See
2783 1461 230 52 GORDON,

1885 1521 195 41 EDWIN.

1825 1581 96 42 The
1966 1583 197 50 impact
2207 1583 62 38 of
2312 1582 270 48 changing
2624 1580 264 40 societal
1892 1580 1100 103 demands
2104 1654 61 28 on
2206 1643 87 39 St.
2344 1642 306 38 Elizabeth
2687 1640 242 40 Medical

1898 1702 224 40 Center.
2207 1699 94 40 See
2344 1699 264 49 HARTMAN,
2656 1697 262 42 GERHARD.

1843 1759 130 41 Iowa
2014 1760 161 40 tests
2221 1760 61 39 of
2322 1760 166 40 basic
2532 1757 226 51 skills;
2809 1757 131 48 1971
1909 1767 1203 91 raw-score

2117 1818 64 41 to
2218 1816 549 52 grade-equivalent
2807 1815 341 42 conversion

1910 1874 197 42 tables
2151 1875 98 41 for
2290 1875 164 42 forms
2497 1874 55 52 1,
2601 1874 55 51 2,
2704 1877 56 48 3,
2806 1865 57 59 4,
1910 1864 1166 116 1964-1971

2081 1932 548 51 grade-equivalent
2667 1941 166 32 norms

1908 1990 400 51 comparisons.
2390 1991 231 48 Boston,
2668 1989 270 51 Houghton

1906 2050 264 42 Mifflin.
2256 2050 62 48 29
2356 2060 56 40 p.
2495 2051 90 40 NM:
2635 2048 375 52 compilation
3045 2047 32 38 &

1907 2108 332 42 additions.
2315 2107 39 39 ©
2392 2107 346 52 University
2775 2107 60 40 of
2880 2108 154 48 Iowa;

1910 2166 260 51 21Jul72;
2216 2157 267 59 A429604.

1831 2236 132 41 Iowa
2002 2237 163 39 tests
2208 2238 66 38 of
2310 2237 167 39 basic
2520 2237 229 51 skills,
2797 2238 164 38 forms

1895 2294 29 46 5
1967 2294 31 37 &
2033 2285 57 60 6;
2137 2294 339 51 percentile
2517 2305 166 29 norms
2728 2296 97 38 for
2867 2296 94 38 the

1899 2352 302 41 Southwest
2242 2352 229 51 Region.
2557 2353 227 51 Boston,
2830 2354 273 48 Houghton

1897 2411 263 41 Mifflin.
2243 2401 62 47 46
2344 2421 59 39 p.
2479 2410 39 38 ©
2557 2410 339 50 University
2935 2411 65 39 of

1900 2468 156 51 Iowa;
2105 2466 227 52 1Dec72;
2381 2467 265 49 A399429.

1826 2536 133 41 Iowa
2001 2536 162 39 tests
2204 2535 65 39 of
2308 2534 165 40 basic
2519 2533 197 40 skills
2759 2534 164 37 forms
2965 2534 27 45 5
3032 2531 32 37 &
3101 2522 30 48 6

1894 2585 789 63 age-equivalent/standard
2727 2600 162 30 score

1897 2652 222 41 tables.
2205 2650 228 53 Boston,
2481 2650 274 50 Houghton
2790 2648 264 42 Mifflin.

1892 2703 64 55 65
1996 2721 56 39 p.
2131 2710 38 38 ©
2205 2710 341 50 University
2587 2709 62 38 of
2691 2708 157 49 Iowa;

1892 2761 230 57 6Jun73;
2169 2759 262 58 A445196.

1810 2842 129 39 Iowa
1982 2840 162 39 tests
2188 2839 63 40 of
2288 2838 167 41 basic
2502 2836 226 52 skills,
2780 2837 236 49 primary

1875 2897 262 50 battery.
2222 2897 168 40 Level
2428 2896 58 49 7,
2536 2896 135 38 form
2705 2896 56 47 5.

1876 2956 270 51 Prepared
2185 2955 68 50 by
2292 2955 52 43 A.
2395 2956 54 40 N.
2499 2953 369 50 Hieronymus,
2915 2954 54 39 E.
3020 2954 52 39 F.

1877 3014 332 52 Lindquist,
2257 3015 54 41 H.
2364 3017 52 39 D.
2465 3015 203 39 Hoover
2707 3012 32 40 &
2780 3010 223 41 others.

1878 3074 373 44 Illustrated
2290 3073 69 51 by
2394 3073 207 41 Nathan
2638 3071 333 42 Goldstein.

1879 3132 441 45 Hand-scorable
2359 3131 166 42 basic
2572 3131 86 40 ed.
2742 3130 230 49 Boston,

1878 3193 272 50 Houghton
2187 3191 264 42 Mifflin.
2538 3191 58 47 15
2640 3200 54 41 p.
2779 3188 158 51 Appl.

1879 3251 226 41 author:
2151 3249 345 50 University
2538 3248 63 39 of
2642 3250 158 47 Iowa,
2849 3245 269 51 employer

1879 3309 98 41 for
2020 3308 155 40 hire.
2255 3306 38 39 ©
2325 3306 345 50 University
2710 3305 63 40 of
2813 3308 159 44 Iowa;

1880 3368 227 51 9Apr72;
2155 3358 233 57 A409565.

1812 3434 131 40 Iowa
1984 3432 164 41 tests
2192 3431 62 39 of
2292 3430 166 40 basic
2506 3427 225 50 skills,
2781 3426 236 50 primary

1879 3489 264 51 battery,
2193 3486 166 42 level
2398 3486 57 50 7,
2503 3485 137 39 form
2677 3476 56 55 6;
2782 3480 301 42 teacher's

1881 3548 192 51 guide.
2156 3545 272 51 Prepared
2467 3544 170 40 under
2678 3541 96 42 the
2815 3539 307 42 direction

1883 3608 62 40 of
1984 3608 54 42 A.
2089 3608 54 40 N.
2191 3605 340 49 Hieronymus
2574 3603 32 39 &
2642 3604 54 40 E.
2746 3603 57 41 F.
1883 3600 1098 117 Lindquist,
2123 3664 136 40 with
2302 3663 90 39 the
2436 3659 340 42 assistance
2818 3658 63 40 of
2919 3659 53 41 H.
3023 3659 55 41 D.

1882 3727 228 48 Hoover,
2159 3721 166 44 Julia
2364 3722 301 48 Peterson,
2709 3718 205 44 Marcia

1879 3785 241 49 Whitney
2159 3783 32 40 &
2230 3781 225 42 others.
2539 3778 230 52 Boston,
2814 3776 276 51 Houghton

1881 3843 264 42 Mifflin.
2230 3835 60 53 67
2332 3851 54 40 p.
2470 3839 159 51 Appl.
2680 3836 225 42 author:

1880 3900 345 49 University
2264 3899 66 39 of
2367 3900 160 47 Iowa,
2578 3895 267 50 employer
2886 3894 99 40 for

1888 3959 154 39 hire.
2122 3956 39 39 ©
2192 3954 344 51 University
2577 3954 62 39 of
2682 3953 157 48 Iowa;
2890 3944 230 53 26Jan73

1893 4010 92 59 (in
2024 4013 225 41 notice:
2301 4007 192 58 1972);
2540 4003 236 55 A409567.

1813 4093 131 40 Iowa
1988 4090 161 40 tests
2194 4088 62 39 of
2294 4086 164 41 basic
2507 4084 225 52 skills,
2780 4084 236 51 primary

1880 4148 263 49 battery.
2227 4144 168 41 Level
2435 4135 56 58 8,
2540 4142 136 39 form
2710 4143 56 47 5.

1882 4204 270 52 Prepared
2191 4202 68 49 by
2296 4201 54 43 A.
2398 4202 56 40 N.
2504 4198 367 51 Hieronymus,
2918 4199 53 40 E.
3022 4199 56 39 F.

1882 4260 333 51 Lindquist,
2263 4259 52 43 H.
2368 4261 51 38 D.
2469 4259 202 39 Hoover
2711 4256 32 40 &
2783 4255 225 40 others.

1883 4319 373 44 Illustrated
2295 4316 67 51 by
2399 4316 207 40 Nathan
2643 4313 330 42 Goldstein.

1884 4374 441 45 Hand-scorable
2365 4374 165 40 basic
2576 4374 88 38 ed.
2747 4372 229 48 Boston,

1884 4434 271 51 Houghton
2194 4432 261 41 Mifflin.
2542 4424 62 46 16
2648 4441 50 39 p.
2782 4429 159 50 Appl.

1885 4493 227 41 author:
2158 4489 344 50 University
2542 4488 63 39 of
2645 4489 159 49 Iowa,
2853 4485 268 52 employer

1887 4553 97 39 for
2023 4550 158 41 hire.
2260 4547 39 39 ©
2329 4547 345 49 University
2716 4546 61 41 of
2819 4547 157 46 Iowa;

1886 4610 227 50 9Aug72;
2160 4600 262 55 A409564.

1859 4684 133 40 Iowa
2035 4679 161 39 tests
2246 4677 57 39 of
2340 4675 166 40 basic
2554 4672 225 50 skills,
2829 4670 235 51 primary

1927 4739 266 47 battery,
2242 4733 165 42 level
2447 4724 56 57 8,
2552 4731 136 39 form
2724 4722 56 55 6;

1931 4793 301 43 teacher's
2273 4792 194 51 guide.
2551 4787 271 51 Prepared
2860 4785 170 40 under

1931 4855 95 39 the
2069 4849 307 43 direction
2415 4849 64 39 of
2518 4849 54 40 A.
2621 4848 53 40 N.
2725 4845 338 48 Hieronymus

1930 4915 33 39 &
1999 4916 54 39 E.
2103 4913 54 39 F.
2206 4905 333 52 Lindquist,
2588 4903 135 40 with
2760 4902 98 39 the

1931 4970 339 42 assistance
2312 4967 62 40 of
2413 4968 54 39 H.
2519 4967 54 40 D.
2621 4965 231 47 Hoover,
2899 4958 166 43 Julia

1930 5029 300 47 Peterson,
2273 5022 206 44 Marcia
2515 5020 242 50 Whitney
2795 5021 33 36 &
2866 5018 225 39 others.

1933 5086 228 49 Boston,
2210 5082 271 52 Houghton
2515 5077 267 46 Mifflin.
2866 5069 61 55 67
2970 5086 53 41 p.

1933 5141 158 48 Appl.
2140 5140 228 36 author:
2414 5134 344 44 University
2798 5134 63 32 of
2902 5135 159 39 Iowa,

1936 5196 268 50 employer
2246 5193 95 39 for
2385 5192 156 38 hire.
2621 5188 39 39 ©
2689 5185 346 50 University
3076 5182 60 42 of

1935 5258 158 43 Iowa;
2144 5244 230 54 26Jan73
2426 5244 91 59 (in
2558 5245 225 43 notice:
2836 5239 191 59 1972);

1933 5303 261 55 A409566.

1822 5372 30 42 A
1897 5373 267 47 literary
2203 5369 236 49 history
2481 5368 61 37 of
2585 5367 155 39 Iowa.
2826 5366 96 39 See

1891 5429 264 51 ANDREWS,
2206 5426 269 40 CLARENCE
2512 5425 57 40 A.

1805 5500 203 42 Manuel
2048 5499 62 38 de
2152 5491 433 44 conversation.
2669 5484 96 40 See
2808 5479 262 49 LIMOUZY,

1876 5556 231 43 PIERRE.

1838 5610 99 41 The
1975 5606 240 42 musical
2255 5612 194 31 comma.
2530 5599 98 38 See
2669 5594 265 50 RIGHTER,

1912 5666 231 42 CHARLES
2185 5666 57 39 B.

1810 5719 305 41 Numerical
2159 5718 269 40 solution
2464 5719 67 37 of
2570 5717 270 49 ordinary
1882 5717 1097 100 differential
2227 5777 327 48 equations.
2641 5776 95 39 See

1878 5835 369 52 MCLAUGHLIN,
2294 5835 203 41 DONALD
2536 5837 53 37 E.

1822 5901 261 48 Pasquin.
2166 5902 94 38 See
2300 5900 304 50 FIELDING,
2648 5900 194 40 HENRY.

1808 5963 398 52 Probability.
2289 5965 99 42 See
2427 5968 198 50 HERUM,
2671 5965 138 43 GARY
2842 5969 58 40 W.

3308 594 170 38 Three
3522 594 301 48 burlesque
3861 592 167 51 plays
4073 593 62 39 of
4173 593 202 40 Thomas

3378 649 262 42 Duffett:
3690 651 97 39 The
3832 660 231 39 empress
4108 652 62 38 of
4210 652 264 50 Morocco,

3379 710 98 41 The
3516 709 438 54 mock-tempest,
4002 711 201 50 Psyche
4244 706 333 48 debauch'd.

3383 769 94 38 See
3516 769 265 53 DUFFETT,
3828 769 229 41 THOMAS.

3301 845 98 41 The
3444 842 270 42 vascular
3757 839 164 41 flora
3962 838 65 38 of
4066 836 94 39 the
4204 833 167 41 Iowan
4411 837 159 33 area.

3372 905 97 39 See
3510 902 232 49 EILERS,
3785 896 276 44 LAWRENCE
4102 896 54 39 J.

3235 1024 345 43 UNIVERSITY
3617 1024 62 40 OF
3719 1021 297 53 KENTUCKY,
4063 1020 332 44 LEXINGTON.

3305 1085 239 41 COUNCIL
3583 1086 60 38 ON
3684 1085 193 42 AGING.
3960 1085 97 38 See

3304 1145 204 39 SECOND
3547 1144 229 40 SPRING.

3242 1249 341 44 UNIVERSITY
3622 1250 66 42 OF
3727 1250 204 41 LONDON
3970 1248 192 53 PRESS,
4209 1249 122 40 LTD.

3313 1312 29 39 A
3385 1312 162 39 short
3590 1310 236 49 history
3864 1310 66 39 of
3965 1309 134 40 West
4141 1308 225 40 Africa.
4453 1307 96 39 See

3381 1369 159 53 OSAE,
3587 1371 54 38 T.
3693 1370 52 39 A.

3243 1486 341 46 UNIVERSITY
3625 1486 63 39 OF
3724 1483 171 42 MAINE
3931 1480 68 43 AT
4072 1480 158 40 ORONO.
4313 1474 170 44 MAINE

3315 1546 260 42 STUDIES.

3313 1607 34 39 A
3381 1604 239 49 history
3663 1602 60 38 of
3763 1599 306 48 lumbering
4109 1598 65 38 in
4210 1594 198 50 Maine,

3385 1654 327 54 1861-1960.
3800 1660 95 38 See
3937 1657 195 50 SMITH,
4178 1653 169 41 DAVID
4387 1654 52 39 C.

3259 1774 347 50 UNIVERSITY
3645 1775 65 43 OF
3743 1772 199 56 MAINE,
4024 1769 161 45 ORONO.

3333 1837 268 52 Analysis
3645 1838 65 37 of
3752 1834 233 50 reading
4023 1831 404 50 performance.

3403 1898 97 40 See
3543 1895 227 52 LOWELL,
3819 1893 202 41 ROBERT
4060 1892 55 39 E.

3265 1986 347 53 UNIVERSITY
3653 1988 63 43 OF
3751 1985 198 54 MAINE,
4032 1982 158 45 ORONO.
4274 1978 236 45 READING

3342 2053 226 45 CLINIC.

3342 2113 268 51 Analysis
3654 2111 63 39 of
3761 2107 233 50 reading
4033 2104 402 51 performance.

3412 2174 96 41 See
3552 2171 226 51 LOWELL,
3826 2167 202 41 ROBERT
4068 2166 57 41 E.

3286 2281 338 41 UNIVERSITY
3662 2281 65 39 OF
3765 2278 298 51 MARYLAND,
4113 2276 235 39 COLLEGE
4390 2273 156 41 PARK.

3427 2342 90 40 Basic
3562 2339 301 41 firemen's
3908 2336 269 49 training
4217 2343 226 32 course.

3424 2401 226 47 Chap.2:
3701 2398 128 39 Fire
3871 2395 296 41 behavior.
4252 2393 28 39 1
4321 2402 53 31 v.

3421 2458 34 36 ©
3494 2455 340 50 University
3871 2453 65 40 of
3974 2452 299 50 Maryland;
4322 2445 227 51 4Jun73;

3424 2511 261 53 A443927.

3366 2575 166 41 Basic
3576 2575 301 40 firemen's
3925 2575 267 50 training
4232 2584 226 32 course.

3436 2627 229 60 Chap.6:
3713 2634 264 42 Ladders.
4063 2635 24 39 1
4129 2645 54 30 v.
4262 2633 41 40 ©
3439 2635 1099 109 University

3611 2694 64 39 of
3715 2694 296 50 Maryland;
4063 2695 260 47 19Oct72;
4371 2687 261 56 A406552.

3383 2763 163 41 Basic
3592 2764 302 39 firemen's
3938 2762 271 50 training
4246 2770 228 32 course.

3452 2813 227 58 Chap.8:
3730 2819 234 49 Salvage
4006 2820 95 39 and
4146 2818 294 42 overhaul.

3456 2879 25 38 1
3521 2888 55 31 v.
3656 2877 38 38 ©
3726 2877 345 49 University
4111 2878 62 37 of
4211 2876 300 49 Maryland;

3454 2935 261 47 19Oct72;
3763 2926 263 55 A406551.

3376 3016 406 42 Fundamentals
3827 3017 62 39 of
3931 3015 467 43 documentation:
3446 3017 1102 99 students'
3687 3083 229 40 papers.
3999 3074 96 39 See
4132 3074 235 51 WILSON,
4413 3076 56 39 T.
4516 3074 59 41 D.

3297 3189 344 43 UNIVERSITY
3677 3192 68 38 OF
3778 3190 476 56 MASSACHUSETTS,
4297 3192 267 45 AMHERST.

3367 3249 342 41 UNIVERSITY
3746 3251 204 39 HEALTH
3990 3252 295 41 SERVICES.

3364 3305 34 39 A
3437 3307 341 40 curriculum
3815 3307 166 49 guide
4024 3308 96 39 for
4162 3310 234 49 college
4441 3311 198 39 health

3438 3373 163 31 nurse
3642 3364 470 49 practitioners.
4196 3367 95 38 See
4333 3367 300 53 REICHERT,

3435 3422 306 42 KATHARINE
3779 3425 56 41 E.

3371 3478 28 37 A
3442 3479 203 39 manual
3687 3478 64 38 of
3792 3478 270 38 standard
4103 3478 266 48 practice
3446 3488 1067 89 procedures
3725 3537 94 39 for
3862 3536 230 51 college
4141 3536 200 39 health
4378 3545 164 30 nurse

3446 3596 440 49 practitioners
3926 3596 65 41 at
4033 3597 93 39 the
4171 3595 342 51 University

3448 3656 62 38 of
3545 3654 445 41 Massachusetts
4036 3656 201 39 Health
4276 3655 299 50 Services,

3440 3714 269 51 Amherst,
3753 3715 475 41 Massachusetts.
4312 3714 92 40 See

3445 3775 301 51 REICHERT,
3791 3774 305 41 KATHARINE
4136 3776 56 39 E.

3338 3885 344 41 UNIVERSITY
3723 3884 67 39 OF
3823 3881 475 52 MASSACHUSETTS,
4345 3880 262 41 AMHERST.

3412 3941 237 40 VARSITY
3700 3940 75 39 'M'
3826 3939 159 42 CLUB.

3410 3997 309 41 Minutemen
3756 3994 367 41 basketball:
4175 3991 269 42 official

3481 4054 239 50 Varsity
3769 4053 78 41 'M'
3896 4051 131 42 Club
4070 4061 263 42 program.
4414 4051 197 47 Vol.5,

3484 4111 259 49 1972-73.
3831 4111 27 39 1
3896 4120 56 31 v.
4037 4109 158 50 Appl.
4245 4106 226 42 author:

3484 4171 164 38 James
3689 4170 56 38 E.
3791 4166 265 59 Mulcahy.
4136 4164 41 39 ©
4210 4164 201 41 Meadow
4454 4163 122 40 Pub.

3484 4227 125 47 Co.;
3727 4225 194 46 16Dec72;
3967 4215 263 55 A429470.

3301 4330 345 43 UNIVERSITY
3680 4330 68 40 OF
3783 4327 444 44 MASSACHUSETTS
4267 4327 195 44 PRESS.

3374 4384 402 53 Deutschland,
3822 4390 376 41 Deutschland
4240 4392 168 41 ueber
4446 4396 191 38 alles.

3446 4440 96 41 See
3582 4441 333 54 TUCHOLSKY,
3962 4446 158 41 KURT.

3387 4505 96 39 God
3526 4513 129 32 save
3699 4505 94 39 the
3835 4505 432 41 Commonwealth:
4318 4513 66 32 an
3457 4504 1094 101 electoral
3661 4564 240 49 history
3940 4564 60 39 of
4039 4563 472 42 Massachusetts.

3454 4623 98 40 See
3595 4622 295 51 BARBROOK,
3937 4622 159 43 ALEC.

3389 4695 166 39 Jacob
3596 4697 96 36 and
3738 4696 92 38 the
3873 4697 192 49 angel.
4150 4700 95 37 See
4285 4698 300 51 DESROCHE,

3457 4753 195 42 HENRI.

3391 4821 203 41 Letter
3637 4822 59 37 to
3736 4829 65 30 an
3838 4819 132 40 Arab
4013 4820 227 39 friend.
4323 4819 96 40 See

3460 4880 331 52 CHOURAQUI,
3838 4879 196 42 ANDRE.

3410 4959 164 50 Lyric
3620 4969 326 34 resonance:
3998 4961 232 48 glosses
4276 4970 61 29 on
4378 4969 129 31 some

3481 5026 161 39 poems
3688 5018 60 36 of
3788 5017 196 48 Yeats,
4028 5018 196 46 Frost,
4274 5018 192 47 Crane,

3480 5075 266 50 Cummings
3790 5075 31 37 &
3860 5073 226 42 others.
4167 5076 97 39 See
4306 5075 194 52 CLARK,

3478 5134 170 36 DAVID
3684 5135 264 38 RIDGLF.Y.

3412 5200 339 48 Oppression
3789 5203 97 38 and
3930 5201 259 50 liberty.
4271 5204 98 39 See
4406 5204 164 48 WEIL,

3478 5260 229 44 SIMONE.

3424 5328 236 42 Private
3704 5327 269 41 interest
4009 5327 32 37 &
4082 5325 200 50 public
4325 5325 161 49 gain:

3495 5381 971 52 the Dartmouth College case, 1819.
3494 5443 98 41 See
3631 5441 232 51 STITES,
3908 5438 239 42 FRANCIS
4186 5440 57 38 N.

3416 5527 205 43 Whales
3664 5529 31 39 &
3734 5527 264 49 destiny:
4047 5527 95 38 the
4189 5523 233 51 rivalry

3492 5525 1034 103 between
3699 5585 264 49 America,
4011 5586 229 46 France,
4289 5581 93 40 and
4426 5580 239 41 Britain

3495 5647 97 38 for
3632 5644 236 40 control
3909 5642 64 40 of
4013 5642 96 40 the
4150 5640 273 41 Southern
4457 5639 172 39 Whale

3493 5703 261 49 Fishery,
3806 5692 331 57 1785-1825.
4219 5699 99 39 See
4358 5697 332 51 STACKPOLE,

3493 5759 237 42 EDOUARD
3771 5759 55 41 A.
