5005 6611
4441 372 113 49 1143

148 584 104 43 NEW
290 585 133 41 LEFT
462 585 229 43 REVIEW.

219 646 331 42 Economics:
602 645 96 42 the
742 646 233 41 revival
1018 646 62 40 of
1117 646 307 50 political

292 715 260 38 economy.
637 706 95 36 See
773 706 160 48 NELL,
980 705 229 37 EDWARD.

155 788 102 38 NEW
295 787 160 48 LIFE,
505 787 123 40 INC.

228 845 374 49 Introducing
642 847 100 38 New
782 845 155 41 Life.
1024 844 369 41 Illustrated

293 904 67 49 by
397 903 171 50 Mylan
606 904 57 42 W.
713 904 294 41 Lorenzen.
1091 902 29 41 1
1159 914 55 30 v.

292 961 38 39 ©
366 964 100 38 New
507 963 157 50 Life,
717 964 152 50 Inc.;
919 961 227 51 9Feb73;
1193 953 264 57 A436062.

226 1048 99 39 New
367 1047 128 40 Life
539 1046 433 50 discipleship.
1057 1047 28 40 1
1123 1057 57 32 v.

290 1105 38 39 ©
364 1106 101 40 New
506 1105 157 52 Life,
715 1106 153 50 Inc.;
919 1103 225 53 2Apr73;
1193 1095 263 58 A436063.

154 1196 99 39 NEW
290 1196 238 38 METHODS
574 1197 62 39 IN
676 1196 328 48 CHEMISTRY,
1054 1197 63 48 by
1153 1198 54 40 W.
1260 1198 261 46 Bremser,

223 1255 53 38 H.
330 1254 157 47 Suhr,
539 1255 49 39 C.
640 1255 51 39 J.
742 1256 53 38 H.
847 1255 262 47 Schutte,
1158 1256 49 40 J.
223 1254 1200 98 Brandmueller
502 1314 31 37 &

570 1313 155 41 H.-W.
779 1314 359 40 Schroetter.
1228 1313 224 47 Berlin,

224 1374 97 37 New
366 1372 155 47 York,
572 1371 292 50 Springer.
952 1373 90 46 127
1088 1383 51 38 p.
227 1366 1162 104 (Fortschritte

538 1432 94 37 der
676 1431 337 38 chemischen
1052 1432 328 47 Forschung.

222 1487 201 49 Topics
469 1489 60 39 in
572 1488 230 40 current
847 1489 329 48 chemistry,
1224 1482 91 58 36)

224 1546 156 48 Appl.
433 1546 224 40 author:
710 1546 535 48 Springer-Verlag,

224 1602 271 46 employer
536 1601 95 38 for
675 1601 153 41 hire.
911 1602 38 37 ©
985 1602 534 47 Springer-Verlag;

226 1659 225 46 2Jan73;
500 1651 260 54 AF36142.

157 1763 99 40 NEW
295 1762 203 40 MEXICO
536 1759 231 42 DIGEST.
852 1756 132 48 1972
1023 1753 336 43 cumulative

227 1819 203 41 annual
467 1818 204 52 pocket
709 1819 162 48 part.
955 1816 89 39 St.
1093 1813 159 49 Paul,
1297 1812 134 40 West

226 1880 128 40 Pub.
400 1879 91 39 Co.
575 1867 28 48 6
640 1886 58 30 v.
751 1875 61 39 in
853 1864 88 51 14.
1017 1870 37 38 ©
1089 1870 134 41 West
1264 1869 126 39 Pub.

226 1939 127 48 Co.;
403 1934 227 52 5Apr73;
676 1923 266 57 A426413.

143 2034 101 48 NEW
280 2037 205 45 MEXICO
523 2035 303 49 HIGHLANDS
868 2039 345 45 UNIVERSITY
1249 2041 196 45 PRESS.

214 2099 682 54 Bilingual-bicultural
941 2102 305 41 education
1288 2103 96 38 for

283 2162 96 38 the
420 2162 513 50 Spanish-English
973 2162 332 47 bilingual.
1389 2164 94 37 See

280 2216 300 56 VALENCIA,
628 2217 236 43 ATILANO
904 2217 57 47 A.

217 2300 438 42 Instructional
700 2305 333 47 strategies
1078 2305 93 38 and

283 2359 337 47 techniques
665 2362 62 36 in
766 2363 341 47 competency
1147 2363 162 38 based

283 2416 330 39 education.
698 2420 94 38 See
836 2421 298 50 VALENCIA,

281 2474 238 41 ATILANO
558 2478 57 37 A.

169 2567 100 38 NEW
311 2567 128 48 1973
481 2570 261 50 FISHING;
794 2572 442 52 incorporating
1274 2578 237 49 Fishing

239 2621 329 50 guidebook.
654 2626 95 40 New
793 2629 156 49 York,
995 2631 134 39 Maco
1172 2632 120 41 Pub.

240 2680 86 42 Co.
412 2673 63 46 80
514 2692 54 39 p.
661 2680 158 57 (Maco
862 2688 196 47 sports
1102 2686 228 57 series)

234 2738 40 39 ©
304 2740 135 39 Maco
481 2740 120 42 Pub.
653 2743 122 49 Co.,
826 2746 156 46 Inc.;
1029 2746 229 46 3Apr73;

235 2787 263 57 A423188.

174 2903 100 39 THE
313 2904 99 37 NEW
456 2904 127 38 OPEN
623 2903 299 47 HIGHWAYS;
969 2914 27 27 a
1037 2905 203 39 manual
1283 2906 95 38 for
1415 2915 98 29 use

242 2959 136 39 with
415 2959 377 51 Discovering
832 2962 295 37 treasure.
1207 2961 266 39 Authors:

245 3021 98 40 Ida
382 3025 96 36 Mae
520 3023 263 47 Johnson,
832 3023 236 40 Alfonso
1108 3026 51 38 R.
1212 3025 260 48 Ramirez,

243 3078 238 40 Mildred
522 3078 200 49 Beatty
764 3080 167 39 Smith
970 3085 30 36 &
1040 3080 222 40 others.

243 3136 303 40 Teacher's
592 3136 86 39 ed.
762 3130 99 52 382
901 3148 53 38 p.
1038 3139 157 48 Appl.
1247 3140 223 40 author:

245 3195 193 46 Scott,
485 3197 274 38 Foresman
797 3199 31 36 &
865 3198 89 37 Co.
1040 3200 85 39 NM:
1179 3197 301 40 editorial

243 3252 298 51 revision,
590 3261 98 33 new
732 3254 128 40 text
901 3258 30 38 &
972 3254 189 43 illus.
1243 3256 38 40 ©
1314 3257 192 49 Scott,

244 3313 272 36 Foresman
554 3315 32 36 &
623 3313 125 47 Co.;
794 3313 230 49 3Jan73;
1071 3307 261 54 A403105.

160 3427 96 41 THE
297 3428 103 40 NEW
437 3428 134 41 OPEN
607 3429 297 53 HIGHWAYS;
953 3440 29 29 a
1018 3431 207 41 manual
1263 3432 99 40 for
1399 3442 97 30 use

226 3487 138 41 with
401 3487 306 52 Exploring
746 3489 158 43 afar.
985 3491 263 42 Authors:
1301 3492 95 40 Ida

226 3546 98 39 Mae
366 3547 264 50 Johnson,
674 3547 242 41 Alfonso
953 3550 55 39 R.
1057 3550 261 50 Ramirez,

227 3603 238 41 Mildred
503 3605 209 51 Beatty
748 3606 192 51 Smith,
988 3608 132 38 John
1159 3610 54 38 C.
1261 3609 264 49 Manning,

228 3662 268 41 Lorraine
536 3664 57 42 M.
644 3664 296 51 Sullivan,
985 3665 240 41 William
1259 3667 58 41 A.

227 3720 263 49 Jenkins,
541 3722 98 39 Ira
676 3723 55 39 E.
778 3723 195 49 Aaron,
1021 3723 170 40 Helen
1225 3725 58 40 M.

226 3777 299 50 Robinson,
571 3779 56 39 A.
679 3779 165 40 Sterl
880 3780 211 64 Artley
1120 3781 32 37 &
1192 3782 204 39 Marion

224 3834 231 41 Monroe.
538 3834 302 42 Teacher's
883 3838 90 40 ed.
1054 3829 98 48 408
1190 3848 58 39 p.
1328 3838 161 50 Appl.

227 3892 228 39 author:
504 3892 193 49 Scott,
744 3895 272 39 Foresman
1051 3895 32 36 &
1123 3896 90 40 Co.

226 3949 89 39 NM:
367 3948 300 43 revisions
707 3950 32 38 &
781 3952 330 42 additions.
1185 3952 38 38 ©
1262 3954 193 49 Scott,

226 4006 272 41 Foresman
535 4008 31 37 &
605 4009 125 50 Co.;
778 4009 227 51 3Jan73;
1051 4002 264 59 A430873.

162 4135 100 39 THE
300 4135 101 39 NEW
442 4135 131 39 OPEN
610 4134 298 51 HIGHWAYS;
957 4144 30 29 a
1022 4133 205 40 manual
1268 4132 96 41 for
1404 4141 97 32 use

229 4192 135 40 with
405 4192 238 51 Seeking
681 4192 331 41 adventure.
1093 4192 261 40 Authors:

236 4250 94 40 Ida
368 4252 98 38 Mae
508 4251 263 49 Johnson,
817 4250 239 40 Alfonso
1096 4252 54 38 R.
1198 4250 262 49 Ramirez,

230 4308 238 40 Mildred
508 4308 209 50 Beatty
751 4308 193 50 Smith,
992 4309 133 38 John
1165 4309 54 39 C.
1267 4307 261 50 Manning,

232 4367 201 50 Joseph
472 4367 57 41 M.
575 4368 230 48 Wepman,
855 4366 267 39 Lorraine
1162 4367 56 38 M.

232 4422 299 49 Sullivan,
574 4422 242 41 William
850 4423 58 39 A.
958 4423 261 48 Jenkins,
1271 4423 95 37 Ira
1403 4423 55 39 E.

229 4483 197 48 Aaron,
474 4480 169 42 Helen
680 4483 56 39 M.
783 4481 298 50 Robinson,
1126 4482 59 39 A.
1234 4480 166 40 Sterl

229 4537 212 52 Artley
470 4541 32 37 &
541 4540 205 39 Marion
783 4540 229 39 Monroe.
1093 4537 435 41 Teacheriscdd.

230 4586 101 59 432
367 4605 59 40 p.
505 4594 162 52 Appl.
715 4595 226 41 author:
994 4595 189 50 Scott,
1231 4596 273 37 Foresman

229 4654 31 37 &
301 4656 89 38 Co.
473 4655 88 40 NM:
613 4653 300 41 revisions
954 4654 32 37 &
1027 4653 329 40 additions.

223 4711 39 37 ©
302 4712 193 50 Scott,
541 4713 273 38 Foresman
850 4711 32 37 &
921 4713 124 48 Co.;
1094 4711 227 48 3Jan73;

229 4761 265 60 A430874.

161 4887 100 39 THE
297 4886 105 40 NEW
437 4886 136 40 OPEN
613 4884 295 49 HIGHWAYS;
955 4884 372 50 duplicating

227 4945 239 39 masters
510 4944 95 40 for
646 4955 96 29 use
782 4945 135 39 with
955 4944 374 49 Discovering

233 5002 294 42 treasure.
610 5001 263 41 Authors:
922 5002 96 39 Ida
1055 5002 100 39 Mae
1196 5002 261 49 Johnson,

231 5059 235 43 Alfonso
509 5059 53 44 R.
613 5058 258 55 Ramirez,
923 5053 235 44 Mildred
1196 5059 203 54 Beatty

232 5119 168 36 Smith
436 5120 32 30 &
508 5120 226 35 others.
819 5120 27 33 1
887 5128 53 27 v.
1024 5120 156 44 Appl.
1231 5120 227 34 author:

230 5172 195 49 Scott,
472 5173 274 40 Foresman
781 5173 32 36 &
853 5173 88 40 Co.
1022 5174 93 39 NM:
1163 5174 302 40 editorial

233 5229 330 50 revisions,
608 5239 104 31 new
752 5230 128 40 text
919 5231 31 38 &
990 5241 100 30 new
1129 5231 189 41 illus.

225 5285 39 39 ©
299 5287 192 50 Scott,
542 5288 272 40 Foresman
850 5287 31 39 &
922 5289 123 49 Co.;
1162 5290 193 48 16Feb73;

229 5336 262 56 A414926.

184 5440 97 39 THE
320 5440 102 39 NEW
461 5440 134 38 OPEN
631 5440 297 48 HIGHWAYS;
977 5437 376 51 duplicating

248 5497 237 39 masters
529 5497 99 40 for
666 5506 96 30 use
802 5497 138 39 with
979 5497 237 47 Seeking
1253 5495 332 40 adventure.

250 5555 262 40 Authors:
568 5555 94 39 Ida
700 5557 96 36 Mae
840 5556 262 47 Johnson,
1147 5552 239 41 Alfonso
1425 5554 55 38 R.

251 5614 263 48 Ramirez,
562 5612 236 41 Mildred
838 5614 208 48 Beatty
1081 5612 194 48 Smith,
1321 5612 134 38 John
1493 5612 56 38 C.

250 5672 265 49 Manning,
562 5670 204 50 Joseph
802 5672 58 41 M.
906 5673 231 47 Wepman,
1186 5669 266 40 Lorraine
1492 5669 57 40 M.

253 5728 297 51 Sullivan,
595 5728 242 43 William
871 5731 59 41 A.
977 5729 263 49 Jenkins,
1292 5729 95 38 Ira
1425 5729 55 38 E.

249 5790 197 46 Aaron,
494 5787 169 41 Helen
700 5789 57 40 M.
804 5788 299 48 Robinson,
1147 5788 58 39 A.
1255 5785 165 40 Sterl

247 5845 213 51 Artley
489 5847 32 36 &
562 5844 203 42 Marion
803 5846 230 40 Monroe.
1117 5844 28 39 1
1183 5855 58 29 v.
1321 5842 162 50 Appl.

253 5905 225 39 author:
530 5903 193 50 Scott,
769 5905 274 37 Foresman
1076 5903 32 36 &
1150 5903 90 39 Co.

251 5963 89 39 NM:
390 5962 303 40 additions
733 5962 31 35 &
807 5961 330 38 revisions.
1213 5959 38 35 ©
1289 5959 193 47 Scott,

252 6020 271 38 Foresman
559 6019 31 36 &
631 6020 125 47 Co.;
806 6016 226 50 5Jan73;
1079 6007 265 57 A430869.

1676 626 100 39 THE
1815 627 99 38 NEW
1955 627 130 39 OPEN
2122 626 300 47 HIGHWAYS;
2472 625 302 40 skillbook
2816 626 97 38 for

1747 695 96 26 use
1885 686 133 36 with
2054 686 375 46 Discovering
2470 687 294 35 treasure.

1753 745 258 43 Authors:
2065 746 96 40 Ida
2198 750 98 36 Mae
2338 748 262 45 Johnson,
2649 747 234 39 Alfonso
2924 750 52 36 R.

1751 803 263 48 Ramirez,
2061 803 237 41 Mildred
2338 805 201 47 Beatty
2581 805 165 39 Smith
2787 808 30 36 &

1753 862 224 38 others.
2062 863 302 39 Teacher's
2409 863 87 38 ed.
2583 854 96 47 128
2719 873 51 38 p.
2854 863 157 48 Appl.

1750 920 230 43 Author;
2029 920 189 47 Scott,
2267 923 275 38 Foresman
2580 924 31 37 &
2648 923 89 37 Co.
2823 924 85 42 NM;

1756 977 300 41 editorial
2100 979 292 49 revision,
2441 989 99 30 new
2584 980 128 38 text
2752 983 30 38 &
2823 979 187 40 illus.

1750 1039 37 36 ©
1822 1039 192 47 Scott,
2062 1042 270 36 Foresman
2372 1043 31 36 &
2441 1042 124 47 Co.;
2613 1039 228 48 3Jan73;

1751 1087 260 55 A403102.

1677 1190 100 39 THE
1816 1192 98 38 NEW
1957 1192 129 40 OPEN
2125 1194 299 46 HIGHWAYS;
2473 1194 303 40 skillbook
2816 1197 96 39 for
2953 1208 95 28 use

1747 1249 135 39 with
1920 1250 306 50 Exploring
2263 1252 158 38 afar.
2502 1252 265 41 Authors:
2813 1256 98 38 Ida

1750 1312 97 38 Mae
1890 1310 261 48 Johnson,
2199 1310 236 41 Alfonso
2476 1315 51 39 R.
2579 1314 263 49 Ramirez,

1750 1365 237 44 Mildred
2026 1368 203 49 Beatty
2269 1369 167 41 Smith
2476 1374 30 38 &
2547 1371 222 40 others.

1752 1427 302 41 Teacher’s
2098 1429 86 39 ed.
2269 1421 98 47 128
2407 1441 52 38 p.
2544 1432 157 48 Appl.
2752 1434 223 39 author;

1752 1486 190 48 Scott,
1991 1489 272 38 Foresman
2301 1491 32 37 &
2371 1491 87 37 Co.
2545 1492 85 40 NM:
2683 1490 306 40 editorial

1751 1545 295 47 revision,
2093 1555 102 30 new
2235 1544 129 40 text
2404 1549 32 36 &
2476 1544 189 41 illus.
2749 1548 36 37 ©
2821 1550 189 47 Scott,

1750 1604 270 37 Foresman
2060 1606 32 36 &
2128 1605 125 46 Co.;
2300 1604 228 50 3Jan73;
2578 1597 258 53 A403104.

1667 1698 101 39 NEW
1805 1698 204 39 OREGON
2048 1698 224 40 DIGEST.
2360 1696 129 47 1973
2533 1696 336 39 cumulative

1739 1756 200 40 annual
1978 1756 202 50 pocket
2219 1755 159 50 part.
2465 1754 96 41 San
2602 1753 330 50 Francisco,

1741 1814 545 47 Bancroft-Whitney
2326 1814 123 47 Co.;
2500 1812 86 40 St.
2636 1812 159 48 Paul,
2842 1811 132 38 West

1738 1873 123 39 Pub.
1912 1873 87 39 Co.
2087 1870 55 49 25
2189 1881 50 31 v.
2320 1871 39 39 ©
2393 1870 133 40 West
2567 1870 122 41 Pub.
2741 1870 86 39 Co.
2876 1870 31 38 &

1741 1929 546 49 Bancroft-Whitney
2327 1930 122 48 Co.;
2500 1926 260 51 13Apr73;

1737 1980 262 56 A428526.

1657 2096 102 40 NEW
1794 2096 235 41 ORLEANS
2069 2098 239 40 ACADEMY
2346 2098 64 39 OF
2449 2097 468 41 OPHTHALMOLOGY.

1728 2155 304 47 Symposium
2072 2164 62 27 on
2173 2155 231 37 contact
2452 2155 224 40 lenses.
2760 2157 94 35 See

1796 2212 305 41 SYMPOSIUM
2140 2213 63 39 ON
2245 2214 234 39 CONTACT
2519 2214 226 39 LENSES.

1654 2317 99 40 THE
1790 2317 102 39 NEW
1930 2316 231 40 ORLEANS
2203 2315 503 43 TIMES-PICAYUNE.

1723 2378 304 46 Newspaper
2071 2376 185 39 index:
2310 2375 91 38 the
2446 2374 234 48 Chicago
2723 2375 258 47 tribune,

1795 2434 93 39 the
1930 2436 93 37 Los
2066 2434 231 48 Angeles
2344 2433 190 48 times,
2585 2433 94 38 the
2719 2434 97 37 New

1795 2491 228 39 Orleans
2070 2491 498 49 times-picayune,
2620 2491 93 37 the
1795 2488 1196 101 Washington

1931 2550 157 48 post.
2170 2551 96 38 See
2308 2550 134 38 BELL
2481 2549 30 37 &
2548 2549 204 39 HOWELL
2789 2551 26 36 CO.

1792 2610 168 37 MICRO
2002 2609 164 38 PHOTO
2204 2608 296 41 DIVISION.
2583 2608 307 38 NEWSPAPER

1796 2668 269 38 INDEXING
2103 2668 226 39 CENTER.

1727 2735 305 50 Newspaper
2072 2734 188 42 index:
2314 2735 92 38 the
2449 2735 99 39 New
2587 2735 231 38 Orleans

1798 2790 498 49 times-picayune.
2380 2791 96 37 See
2519 2790 135 39 BELL
2686 2792 31 37 &
2758 2789 205 39 HOWELL

1798 2848 87 42 CO.
1966 2848 169 39 MICRO
2173 2848 168 39 PHOTO
2378 2846 298 43 DIVISION.

1796 2905 305 40 NEWSPAPER
2139 2905 273 39 INDEXING
2452 2904 224 43 CENTER.

1662 3012 1344 40 THE NEW OXFORD [[illegible]] BIBLE WITH THE
1735 3068 1226 48 APOCRYPHA; an [[illegible]] study bible.
1738 3125 197 39 Edited
1981 3127 60 45 by
2080 3126 231 38 Herbert
2398 3153 13 11 O.
2462 3127 95 46 May
2599 3127 30 36 &
2665 3128 96 36 Bruce
2872 3129 55 36 M.

1736 3183 260 46 Metzger.
2081 3184 122 38 Rev.
2255 3183 264 39 sntandard
2566 3187 259 45 version,

1736 3193 1235 95 containing
2011 3241 96 39 the
2150 3241 58 39 2d
2260 3241 81 41 ed.
2395 3241 60 39 of
2494 3240 94 40 the
2631 3243 98 40 New
1734 3241 1202 98 Testament.

1975 3302 100 36 New
2111 3303 32 36 York,
2326 3301 195 39 Oxford
2565 3304 338 45 university

1736 3357 192 39 Press.
2025 3392 6 2 1.
2088 3368 19 26 v
2124 3385 10 11 .
2214 3356 39 35 ©
2290 3357 194 38 Oxford
2636 3359 231 48 University

1736 3415 194 47 Press,
1980 3415 156 38 Inc.;
2357 3414 59 46 27May73;
2493 3416 262 39 A434584.

1668 3519 100 43 NEW
1804 3517 270 42 POLITICS
2114 3515 297 43 MAGAZINE.

1735 3580 306 50 Autocracy
2083 3578 93 41 and
2221 3578 335 48 insurgency
2602 3575 60 38 in

1808 3582 1024 97 organized
2017 3639 187 37 labor.
2290 3637 94 37 See
2428 3635 159 50 HALL,
2637 3633 199 39 BURTON

1807 3700 90 47 H.,
1946 3697 58 38 ed
2023 3724 10 11 .

1670 3778 102 42 NEW
1808 3778 271 41 POLITICS
2119 3780 123 40 PUB.
2296 3779 84 40 CO.

1741 3837 303 49 Autocracy
2086 3838 93 38 and
2224 3838 338 48 insurgency
2603 3838 63 36 in
2707 3835 300 50 organized

1816 3898 185 36 labor.
2088 3898 93 36 See
2225 3897 157 49 HALL,
2431 3895 201 40 BURTON
2673 3898 90 47 H.,
2812 3895 84 38 ed.

1669 3992 32 39 A
1741 3993 102 38 NEW
1882 3991 372 41 PRONOUNCING
2291 3991 341 42 DICTIONARY
2676 3993 61 38 OF
2773 3993 102 39 THE

1746 4051 235 38 SPANISH
2016 4051 101 38 AND
2158 4049 236 40 ENGLISH
2432 4049 332 43 LANGUAGES.
1744 4050 1201 107 Compiled
1951 4108 62 48 by
2053 4107 237 39 Mariano
2324 4108 305 47 Velazquez
2674 4108 60 37 de
2776 4108 63 39 la.

1744 4165 200 39 Cadena
1984 4165 132 39 with
2158 4165 195 39 Edward
2397 4165 133 48 Gray
2571 4164 31 40 &
2640 4166 130 38 Juan
2810 4167 55 37 L.

1745 4222 225 41 Iribas.
2054 4225 123 37 Rev.
2226 4223 89 39 ed.
2394 4224 100 38 New
2531 4223 164 49 York,
2740 4223 304 49 Appleton-

1745 4280 500 48 Century-Crofts.
2330 4270 98 57 769
2467 4291 54 39 p.
2602 4281 159 49 Appl.
2812 4282 227 39 author:

1745 4337 269 39 Meredith
2054 4339 156 47 Corp.
2291 4336 38 38 ©
2362 4337 272 41 Meredith
2674 4339 192 47 Corp.;

1745 4384 227 58 8Feb73;
2017 4384 263 50 A406211.

1661 4501 104 41 NEW
1802 4496 233 46 READERS
2078 4498 193 43 PRESS.

1735 4560 268 50 Claiming
2042 4570 30 29 a
2113 4560 192 49 right.
2388 4558 96 39 See
2524 4553 299 53 RINGSTAD,

1800 4621 229 41 MURIEL.

1730 4687 272 48 Everyday
2043 4687 233 48 reading
2317 4688 94 38 and
2453 4687 264 48 writing.
2800 4687 96 39 See

1801 4739 261 53 LAUBACH,
2110 4741 170 42 FRANK
2320 4744 53 42 C.

1741 4804 335 39 Government
2119 4807 96 36 and
2254 4807 228 47 voting.
2568 4809 94 36 See
2707 4809 156 49 BAER,

1808 4862 192 41 KATIE.

1731 4925 237 48 Helping
2006 4933 132 38 your
2177 4917 373 50 handicapped
2592 4915 190 39 child.
2865 4915 97 38 See

1801 4983 260 50 COLLINS,
2110 4981 192 39 ELLEN.

1743 5056 25 41 I
1808 5063 65 33 am
1914 5065 92 32 one
2051 5057 59 39 of
2154 5056 189 43 these.
2427 5059 95 43 See
2564 5060 331 53 KOSCHNICK,

1807 5118 125 34 KAY.

1743 5185 59 38 It
1845 5187 166 36 could
2056 5188 197 45 happen
2293 5188 61 36 to
2396 5198 123 37 you.
2604 5188 93 36 See

1810 5241 297 51 PHILLIPS,
2152 5244 230 41 MAXINE.

1737 5318 201 48 Living
1977 5318 135 37 with
2153 5317 92 38 the
2291 5316 290 40 retarded.
2665 5317 97 38 See

1808 5377 293 48 PHILLIPS,
2148 5377 228 39 MAXINE.

1740 5440 131 39 More
1916 5441 189 47 signs.
2188 5441 96 38 See
2325 5441 231 49 GORDON,
2604 5441 123 40 SOL.

1750 5524 398 50 Occupations.
2230 5524 96 40 See
2368 5524 262 51 BLAKELY,

1819 5584 294 49 CAROLINE,
2163 5584 88 40 ed.

1744 5661 337 49 Preventing
2118 5662 202 39 mental
2363 5662 395 40 retardation.
2842 5664 96 39 See

1812 5721 294 49 PHILLIPS,
2152 5722 228 41 MAXINE.

1745 5781 191 47 Signs.
2022 5780 95 39 See
2158 5780 230 49 GORDON,
2435 5780 122 41 SOL.

1737 5860 164 48 Signs
1946 5861 97 38 for
2083 5861 294 39 teachers.
2461 5861 96 39 See
2597 5861 230 50 GORDON,
2875 5861 123 40 SOL.

1741 5947 164 47 Signs
1948 5947 63 37 of
2051 5956 99 29 our
2191 5947 190 38 times.
2465 5946 95 38 See
2601 5945 230 48 GORDON,
2878 5945 123 37 SOL.

1747 6029 168 38 Unwed
1954 6028 228 38 mother.
2267 6025 94 38 See
2404 6021 296 49 PHILLIPS,

1816 6085 229 39 MAXINE.

3156 593 103 40 NEW
3297 594 202 41 SCHOOL
3539 594 64 39 OF
3640 594 449 39 MID-FAIRFIELD
4129 592 228 51 COUNTY,

3228 653 122 44 INC.
3407 646 221 63 (CONN.)

3227 711 235 40 Student
3505 712 366 39 evaluation.
3957 706 25 42 4
4022 721 56 38 p.
4163 709 158 49 Appl.

3296 769 227 40 author:
3574 769 131 38 Rose
3748 769 156 39 Park.
3988 769 160 47 Appl.
4201 767 121 40 ti.:
4369 765 105 40 New

3296 826 200 39 School
3543 825 232 39 student
3819 824 364 41 evaluation.
4262 822 38 37 ©
4337 823 131 38 Rose

3298 883 156 48 Park,
3508 882 127 39 sole
3679 891 167 29 owner
3886 881 64 38 of
3989 880 103 39 New
4127 877 377 43 Educational

3295 940 265 48 Designs;
3607 939 266 49 30Jan73;
3919 929 263 55 A434065.

3154 1038 98 37 NEW
3290 1038 202 40 TRENDS
3535 1040 63 38 IN
3638 1040 164 40 SALES
3844 1042 330 42 FINANCING.
4261 1042 198 41 Albert

3222 1096 52 39 F.
3325 1096 263 51 Reisman,
3639 1098 292 43 chairman.
4015 1102 99 38 New
4155 1102 159 49 York,

3222 1102 1270 104 Practising
3465 1159 96 37 Law
3604 1158 326 41 Institute.
4016 1150 98 48 680
4156 1170 51 39 p.
3220 1155 1206 99 (Commercial
3501 1214 94 38 law
3635 1215 96 38 and
3775 1215 267 46 practice
4087 1225 203 30 course
3223 1214 1239 95 handbook
3397 1269 225 50 series,
3669 1264 196 65 no.86)
3949 1276 265 49 Prepared
4258 1276 94 39 for
3221 1275 1270 94 distribution
3568 1329 60 39 at
3670 1330 96 38 the
3811 1330 259 50 seminar,
4119 1333 295 40 Jan.-Feb.

3225 1385 151 47 1973.
3460 1387 157 48 Appl.
3673 1388 195 39 states
3912 1389 302 49 copyright
4258 1390 95 39 not

3222 1443 232 41 claimed
3499 1445 62 38 in
3601 1456 99 38 any
3739 1446 130 49 part
3912 1447 62 39 of
4014 1449 133 37 work
4185 1448 240 40 written
4466 1450 62 45 by

3220 1504 1200 51 a U.S. Govt. officer as part of his
3220 1561 269 40 official
3531 1562 225 41 duties.
3838 1564 39 36 ©
3913 1564 339 48 Practising
4292 1568 97 36 Law

3222 1618 328 49 Institute;
3600 1621 261 48 22Jan73;
3910 1612 260 56 A416492.

3187 1732 102 39 NEW
3326 1731 200 42 TRIBES
3567 1732 688 44 LANGUAGE-ORIENTATION
3259 1734 1200 110 INSTITUTE,
3463 1792 332 51 CAMDENTON,
3841 1793 93 41 MO.

3258 1847 373 42 Situational
3671 1849 238 50 Spanish
3949 1849 96 41 for
4081 1850 441 45 missionaries.

3325 1905 98 49 23O
3461 1916 58 39 p.
3594 1906 37 37 ©
3669 1909 100 38 New
3809 1909 197 39 Tribes
4051 1909 301 50 Language-

3326 1965 374 40 Orientation
3742 1967 327 51 Institute;
4120 1968 260 52 14Dec72;

3321 2015 266 60 A403990.

3196 2107 99 36 NEW
3332 2108 103 39 ULM
3471 2109 168 40 RURAL
3677 2112 306 42 TELEPHONE
4022 2114 88 43 CO.

3265 2161 329 49 Courtland,
3644 2164 261 49 Gaylord,
3955 2168 226 49 Gibbon,
4228 2168 195 49 Minn.,
4474 2173 97 36 and

3333 2220 198 38 others
3580 2221 297 51 telephone
3922 2224 326 53 directory.
4333 2229 158 50 Appl.

3334 2279 222 44 author:
3608 2281 234 40 General
3884 2283 305 49 Telephone
4229 2287 308 50 Directory

3330 2338 89 38 Co.
3501 2337 39 38 ©
3571 2341 101 39 New
3709 2339 103 42 Ulm
3846 2341 170 40 Rural
4054 2343 307 49 Telephone
4400 2348 90 39 Co.

3328 2394 166 46 Mar73.
3605 2396 38 38 ©
3708 2401 124 45 1Mar;
3883 2390 260 50 A441826.

3194 2475 101 41 NEW
3330 2474 205 47 VOICES
3576 2479 123 48 PUB.
3826 2515 11 14 CO.

3261 2537 101 45 Now
3400 2555 99 39 you
3541 2558 96 28 can
3676 2551 99 37 win
3814 2553 63 37 at
3923 2555 290 43 roulette.
4300 2557 95 43 See

3328 2601 369 56 MOUKHANOFF,
3743 2610 265 43 MICHAEL.

3173 2686 125 49 NEW,
3345 2685 239 40 WILLIAM
3624 2686 86 47 H.,
3761 2686 86 39 ed.

3242 2744 338 41 Dramatists
3625 2745 62 37 in
3727 2745 225 38 Canada:
4006 2744 267 39 selected
4315 2752 223 40 essays.

3311 2804 331 47 Vancouver,
3692 2802 338 49 University
4072 2802 62 39 of
4176 2801 236 41 British

3314 2861 269 40 Columbia
3625 2863 189 39 Press.
3902 2860 94 48 204
4036 2871 54 38 p.
4182 2854 298 60 (Canadian

3313 2919 336 40 literature
3696 2913 224 58 series)
3998 2918 38 38 ©
4071 2918 342 48 University
4450 2918 64 38 of

3313 2977 236 40 British
3590 2976 296 48 Columbia;
3937 2977 258 46 20Dec72;
4243 2975 261 47 AF36269.

3177 3063 97 38 THE
3313 3064 99 36 NEW
3448 3064 173 37 WORLD
3661 3063 407 39 ENCYCLOPEDIA
4110 3065 64 37 OF
4212 3064 259 40 COOKING.

3247 3119 198 39 Edited
3485 3119 68 47 by
3594 3120 94 37 the
3733 3120 162 37 staff
3938 3121 61 36 of
4039 3121 272 48 Culinary

3245 3176 131 38 Arts
3420 3176 328 41 Institute.
3835 3178 95 37 1st
3971 3179 86 38 ed.
4144 3179 262 50 Chicago,

3246 3234 406 42 Consolidated
3694 3236 134 41 Book
3867 3236 363 41 Publishers.
4314 3230 100 55 768
4456 3249 51 40 p.

3244 3298 91 36 NM:
3388 3295 127 38 text
3556 3298 32 35 &
3625 3297 376 48 compilation
4042 3298 60 36 of
4144 3299 226 47 photos.

3241 3352 37 38 ©
3315 3353 338 49 Processing
3694 3355 30 36 &
3763 3355 192 48 Books,
4009 3357 154 45 Inc.;
4283 3356 191 49 15Sep72;
3244 3405 261 47 A410402.

3199 3495 100 43 NEW
3334 3497 160 42 YORK.

3265 3556 102 40 How
3407 3556 61 41 to
3510 3557 96 49 get
3648 3556 198 48 things
3890 3556 130 39 done
4066 3555 61 39 in
4166 3555 100 39 New
4300 3553 161 42 York.

3337 3619 96 39 See
3475 3616 330 51 SCHARLATT,
3853 3617 308 40 ELISABETH
4198 3616 230 40 LOHMAN.

3179 3703 99 38 NEW
3316 3705 137 38 YORK
3487 3703 240 39 ACADEMY
3765 3706 66 36 OF
3865 3706 300 39 MEDICINE.

3251 3763 95 36 The
3388 3761 127 49 city
3559 3763 130 38 that
3728 3771 127 32 was.
3939 3763 94 37 See
4076 3763 194 51 SMITH,

3320 3819 260 42 STEPHEN.

3190 3919 100 39 NEW
3329 3919 132 40 YORK
3498 3919 240 40 ACADEMY
3777 3920 63 38 OF
3880 3920 294 42 SCIENCES.
4258 3922 95 39 See

3256 3983 345 40 ALCOHOLISM
3636 3983 98 40 AND
3773 3984 101 37 THE
3916 3983 237 40 CENTRAL
4187 3984 235 40 NERVOUS

3330 4043 224 40 SYSTEM.

3251 4117 100 38 THE
3391 4114 342 42 BIOLOGICAL
3768 4117 135 38 ROLE
3944 4117 63 39 OF
4045 4117 99 38 THE
4184 4117 163 38 CLOT-

3322 4176 376 40 STABTLIZTNG
3736 4177 261 41 ENZYMES.

3243 4235 135 44 COAL
3408 4236 242 43 WORKERS'
3727 4237 505 42 PNEUMOCONIOSIS.

3244 4303 236 42 EFFECTS
3522 4306 64 38 OF
3619 4303 348 42 ARTIFICIAL
4005 4306 376 43 TEMPERATURE

3313 4360 342 44 REGULATION
3694 4366 64 39 ON
3797 4365 236 40 SPLENIC
4071 4365 241 42 NODULAR
3313 4367 1134 96 TISSUE
3454 4422 61 40 IN
3556 4423 98 39 THE
3694 4423 409 40 EXTERIORIZED
4142 4423 101 42 RAT
4282 4426 225 41 SPLEEN:

3310 4475 68 44 AN
3413 4477 379 44 APPLICATION
3833 4482 65 40 OF
3934 4483 480 42 BIOENGINEERING

3316 4533 365 44 PRINCIPLES.

3242 4593 234 41 KINETIC
3517 4594 234 39 STUDIES
3796 4594 62 39 ON
3899 4594 236 39 OPTIMAL
4175 4594 334 40 CONDITIONS

3309 4652 103 39 FOR
3450 4652 98 38 THE
3586 4652 308 39 AUTOMATED
3931 4652 444 41 DETERMINATION
4418 4653 60 37 OF

3312 4710 97 39 LOW
3453 4711 199 38 IODINE
3691 4710 473 39 CONCENTRATIONS
4206 4711 67 37 BY
4312 4710 97 39 THE

3310 4767 548 43 SANDELL-KOLTHOFF
3898 4768 296 42 REACTION.

3253 4827 239 42 MINIMAL
3530 4827 167 41 BRAIN
3736 4828 399 39 DYSFUNCTION.

3253 4891 99 42 NEW
3393 4892 265 42 CONCEPTS
3703 4895 63 40 IN
3802 4894 345 42 ULTRAMICRO
3324 4893 1096 101 ANALYTICAL
3460 4953 234 39 SYSTEMS
3736 4954 100 38 FOR
3872 4955 103 38 THE
4024 4951 147 49 ’70S.

3244 5010 99 42 NEW
3381 5010 204 43 YORK'S
3626 5012 169 40 FIRST
3833 5012 338 40 SCIENTIFIC
4212 5013 159 40 BODY:

3314 5068 100 44 THE
3452 5068 274 45 LITERARY
3760 5066 102 46 AND
3905 5067 442 46 PHILOSOPHICAL

3316 5126 263 45 SOCIETY,
3628 5122 330 42 1814-1834.

3247 5174 514 43 PHYSICOCHEMICAL
3796 5174 169 38 STATE
4003 5173 63 38 OF
4107 5171 130 38 IONS
4276 5171 103 39 AND

3311 5233 170 40 WATER
3523 5233 64 37 IN
3626 5230 200 40 LIVING
3862 5228 237 39 TISSUES
4139 5228 102 38 AND
4276 5227 174 40 MODEL

3315 5289 263 43 SYSTEMS.

3247 5346 302 44 PLATELETS
3589 5345 101 40 AND
3728 5344 170 39 THEIR
3934 5342 137 39 ROLE
4109 5341 67 39 IN
3316 5339 1028 105 HEMOSTASIS
3531 5432 12 13 .

3241 5456 198 41 PUBLIC
3482 5454 203 40 POLICY
3721 5450 205 41 TOWARD
3964 5446 372 42 ENVIRONMENT
4380 5444 153 47 1973:

3310 5515 29 39 A
3379 5514 203 42 REVIEW
3620 5513 100 38 AND
3757 5509 328 40 APPRAISAL.

3232 5579 100 38 THE
3373 5578 199 40 SOCIAL
3611 5578 478 39 RESPONSIBILITY
4127 5579 65 38 OF
4233 5577 324 41 ENGINEERS.

3246 5641 237 41 STORAGE
3521 5639 501 42 POLYGLUCOSIDES.

3245 5709 233 43 STUDIES
3523 5711 63 41 ON
3625 5709 376 42 TERRESTRIAL
4039 5709 406 43 CONTAMINANTS

3316 5767 65 39 IN
3416 5766 366 41 METEORITES:
3834 5766 134 41 PART
4007 5767 89 51 II,
3314 5766 1100 102 BACTERIOLOGY
3487 5827 66 39 OF
3588 5827 370 41 METEORITES.

3235 5881 348 43 SUCCESSFUL
3616 5881 170 40 WOMEN
3827 5882 62 39 IN
3928 5881 101 39 THE
4067 5878 299 42 SCIENCES:

3306 5942 67 40 AN
3409 5940 273 41 ANALYSIS
3722 5943 67 37 OF
3826 5939 436 41 DETERMINANTS.

3244 6001 240 43 VITAMIN
3524 6005 29 38 E
3592 6002 98 41 AND
3733 6003 93 40 ITS
3868 6002 135 40 ROLE
4043 6003 63 39 IN
4147 6001 271 43 CELLULAR

3314 6060 368 43 METABOLISM.
