5000 6625
4549 401 117 56 1217

212 607 133 42 PEND
386 608 235 43 OREILLE
659 612 203 42 COUNTY
901 615 341 42 HISTORICAL
1280 619 238 42 SOCIETY

287 660 149 65 (OR.)
522 671 94 41 See
277 730 100 39 THE
416 733 100 37 BIG
554 733 195 50 SMOKE,
797 736 130 45 1973.

211 845 239 49 PENDELL
488 850 124 46 PUB.
661 851 88 45 CO.

274 908 308 45 Anecdotes
625 914 63 39 to
730 913 234 50 develop
1008 913 198 40 social
1249 915 94 38 and
1388 914 130 40 self

348 980 304 32 awareness
690 971 138 41 with
868 973 341 49 elementary
1250 974 198 39 school

349 1031 298 41 children.
730 1032 96 39 See
869 1030 193 53 LAVIN,
1114 1030 156 44 PAUL.

290 1096 310 56 Appraisal
640 1102 165 50 guide
850 1103 95 39 for
988 1101 200 42 school
364 1099 1063 104 facilities.
605 1159 97 41 See
743 1156 264 55 HAWKINS,
1054 1159 204 42 HAROLD
1296 1160 56 41 L.

307 1213 166 42 Don’t
513 1215 135 41 muff
687 1216 98 41 the
822 1216 173 50 punch
1034 1217 156 40 line.
1276 1217 97 40 See

380 1274 227 51 EGGERT,
655 1274 54 42 C.
757 1274 125 42 LEE.

301 1333 307 44 Effective
651 1340 270 50 planning
963 1343 96 40 for
1101 1345 199 39 better
1343 1348 197 39 school

373 1394 332 51 buildings.
787 1399 97 39 See
925 1398 298 55 THRASHER,
1271 1402 164 41 JAMES
1477 1406 57 41 M.

304 1459 97 41 The
445 1459 303 41 effective
793 1461 500 52 superintendent:

376 1517 336 50 techniques
755 1519 98 40 and
893 1519 331 50 practices.
1309 1522 95 38 See

373 1577 197 53 MAYER,
616 1577 169 42 FRANK
825 1579 55 40 C.

301 1638 371 46 Foundations
716 1637 62 41 of
818 1633 301 50 community
1166 1630 329 44 education.

370 1700 96 38 See
508 1696 231 50 DECKER,
782 1694 173 40 LARRY
989 1693 60 40 E.

305 1763 549 58 Spanish-speaking
893 1765 227 38 heroes.
1205 1759 94 41 See

370 1826 234 51 AXFORD,
651 1825 169 41 ROGER
854 1823 60 41 W.

298 1893 376 55 Supervising
711 1892 98 40 the
849 1889 242 45 reading
1129 1892 260 43 program.

370 1958 93 39 See
508 1950 333 53 CRISCUOLO,
884 1946 272 44 NICHOLAS
1198 1946 56 38 P.

301 2025 32 41 A
374 2020 230 45 tutor's
649 2017 307 55 guidebook
997 2015 96 40 for
1137 2008 267 47 remedial

376 2081 261 49 reading.
717 2078 98 40 See
856 2071 335 49 CRISCUOLO,
373 2133 270 42 NICHOLAS
687 2132 58 41 P.

230 2245 368 54 PENDERGAST,
645 2245 238 42 RICHARD
922 2246 56 42 J.

302 2304 226 42 Cosmos.
610 2304 99 39 New
748 2304 162 50 York,
958 2302 236 41 Fordham
369 2298 1065 119 University
543 2363 194 41 Press.
816 2360 98 48 207
953 2371 60 42 p.
1088 2359 40 40 ©
1166 2359 236 43 Fordham

371 2419 339 50 University
751 2419 191 49 Press;
992 2416 261 52 12Mar73;
368 2468 265 59 A418942.

210 2584 409 53 PENDERGRAFT,
658 2584 200 43 ALLEN.

283 2643 200 43 Ghosts
527 2642 62 41 of
623 2643 236 40 Alamos.
942 2642 92 40 See
1078 2640 303 51 FRANKLIN,
355 2702 92 39 IDA
491 2700 194 42 LUISA.

218 2807 405 52 PENDERGRASS,
667 2808 103 40 LEE
807 2807 265 42 FORREST.

288 2866 169 42 Urban
499 2865 202 41 reform
739 2864 96 40 and
881 2863 302 49 voluntary
1223 2859 401 44 association:

358 2934 30 29 a
428 2933 130 31 case
602 2924 165 48 study
812 2922 60 39 of
912 2923 96 38 the
1054 2920 230 42 Seattle
1324 2917 305 51 Municipal

357 2983 230 48 League,
634 2979 332 50 1910-1929.
1048 2981 101 38 Ann
1186 2978 197 48 Arbor,

361 2973 1164 120 University
633 3037 340 43 Microfilms
1012 3038 241 49 Library
1294 3035 266 42 Services

366 3091 292 63 (73-3770)
738 3095 333 44 Microfilm.
1161 3091 296 60 (Doctoral

361 3156 408 42 dissertation
811 3148 228 61 series)
1117 3153 39 38 ©
1188 3155 97 40 Lee
1327 3151 233 42 Forrest

360 3217 402 47 Pendergrass;
811 3213 261 50 29Dec72;
1118 3202 236 56 A424583.

208 3307 203 45 PENDLE
448 3311 161 45 HILL.

275 3371 205 50 Hunger
520 3372 99 40 for
657 3376 330 50 community.
1069 3380 98 40 See
1207 3381 192 53 SNOEK,

346 3431 56 42 J.
448 3432 298 44 DIEDRICK.

266 3491 98 43 The
406 3494 204 49 living
644 3494 237 42 witness
926 3497 62 38 of
1027 3497 135 39 John
1198 3496 263 41 Woolman.

336 3551 97 41 See
473 3553 265 51 MOULTON,
787 3555 267 40 PHILLIPS
1098 3557 52 39 P.

209 3673 332 52 PENDLETON,
590 3675 121 38 DON.

279 3729 97 42 The
418 3730 398 43 executioner:
862 3733 168 44 Panic
1076 3734 63 39 in
1176 3733 229 50 Philly.

349 3789 269 51 Original
658 3791 87 40 ed.
829 3794 99 39 New
966 3793 163 51 York,
1177 3794 269 41 Pinnacle

346 3848 192 42 Books.
625 3848 95 48 190
760 3858 54 42 p.
894 3848 40 40 ©
968 3849 271 44 Pinnacle
1277 3851 195 52 Books,

349 3908 159 46 Inc.;
557 3908 259 49 15Mar73;
865 3900 261 56 A416867.

208 4015 331 61 PENDLETON,
583 4025 58 42 M.
689 4024 191 47 KATHY.

274 4081 372 45 Theoretical
689 4088 370 45 foundations
1104 4095 54 41 I.
1240 4097 96 40 See

342 4142 194 52 BOWER,
584 4145 101 39 FAY

226 4247 333 57 PENDLETON,
605 4250 237 44 RAYMOND
881 4254 193 43 FRANK.

292 4306 274 52 Maturity
607 4309 63 40 of
710 4310 200 50 object
950 4314 303 42 relations
1296 4318 98 39 and
1435 4318 94 40 the

360 4374 236 43 process
640 4369 63 38 of
743 4369 329 43 attention.
1150 4372 107 43 Ann
1289 4375 198 52 Arbor,

359 4423 344 53 University
739 4426 341 45 Microfilms
1122 4432 237 52 Library

362 4482 269 42 Services
682 4479 355 65 (75-14,169)
1120 4491 331 42 Microfilm.

369 4535 297 61 (Doctoral
707 4545 410 43 dissertation
1159 4548 225 57 series)

356 4600 38 39 ©
428 4602 238 49 Raymond
705 4605 171 40 Frank
915 4607 331 53 Pendleton;
1294 4611 262 51 15Jun73;
390 4650 233 57 A444895.

199 4761 272 45 PENDULUM
509 4764 193 55 PRESS,
754 4767 120 42 INC.

266 4822 98 43 The
407 4826 336 40 adventures
784 4829 66 38 of
886 4830 102 38 Tom
1027 4830 224 50 Sawyer.
1337 4832 95 39 See

337 4882 262 54 CLEMENS,
648 4885 202 40 SAMUEL
888 4887 330 43 LANGHORNE.

281 4948 98 44 The
415 4948 278 43 American
729 4948 201 52 people
971 4946 373 46 in-colonial
1384 4949 98 42 New

350 5008 263 48 England.
694 5009 98 39 See
829 5009 234 50 AXTELL,
1109 5007 193 49 JAMES,
1354 5008 87 37 ed.

283 5060 96 42 The
416 5063 276 41 American
729 5067 202 49 people
973 5070 64 38 in
1078 5071 93 38 the
1213 5080 98 40 age
1351 5074 66 37 of

350 5120 263 49 Kennedy.
694 5125 100 39 See
833 5127 265 48 KENNEDY,
1142 5128 196 47 DAVID,
1388 5131 88 39 ed.

295 5170 93 36 The
430 5171 273 41 American
745 5178 196 48 people
989 5179 61 40 in
1091 5184 92 38 the
366 5183 991 87 antebellum
604 5232 196 40 North.
884 5237 92 38 See
1016 5239 443 50 ALLMENDINGER,

362 5282 198 53 DAVID,
605 5288 92 39 JR.

283 5343 97 41 The
417 5344 278 42 American
734 5350 198 48 people
977 5351 63 39 in
1081 5353 91 38 the
358 5352 988 93 antebellum
598 5404 192 42 South.
874 5409 92 38 See
1003 5411 410 53 WYATT-BROWN,

352 5460 266 52 BERTRAM,
663 5462 91 40 ed.

325 5516 98 41 The
462 5518 276 45 American
776 5530 200 46 people
1019 5530 63 39 in
1124 5533 93 39 the
1262 5538 265 40 colonial

395 5575 195 42 South.
672 5579 97 41 See
806 5581 232 55 AXTELL,
1086 5587 193 54 JAMES,
1327 5593 91 41 ed.

321 5635 96 42 The
457 5638 273 46 American
773 5651 197 47 people
1015 5653 60 39 in
1120 5656 91 37 the
1254 5659 365 49 Depression.

391 5695 96 41 See
530 5699 259 54 KENNEDY,
838 5706 192 52 DAVID,
1081 5713 60 36 ed.

314 5757 94 39 The
448 5758 274 44 American
763 5770 198 45 people
1007 5771 61 39 in
1111 5773 90 39 the
383 5772 1027 88 industrial
590 5819 159 50 city.
833 5825 93 39 See
964 5829 445 51 ALLMENDINGER,

383 5874 193 41 SUSAN.

302 5920 95 42 The
437 5924 273 47 American
747 5938 202 48 people
991 5951 65 29 on
1097 5945 94 39 the
1229 5949 240 43 Western

365 5980 832 115 frontier. See METCALF, P. RICHARD, ed.
1784 627 169 39 Black
1990 629 224 51 Beauty.
2301 632 94 39 See
2438 632 225 52 SEWELL,
2711 635 157 39 ANNA.

1792 695 97 40 The
1934 696 126 41 call
2101 699 65 39 of
2206 698 95 40 the
2341 700 156 41 wild.
2585 703 94 38 See
2720 703 226 50 LONDON,
1863 753 157 42 JACK.

1799 805 98 40 The
1939 809 198 49 design
2179 812 63 37 of
2284 812 189 43 drama.
2557 815 93 40 See

1868 866 365 55 LONGSWORTH,
2279 872 230 45 ROBERT.

1799 925 98 42 The
1940 928 199 52 design
2179 932 64 39 of
2283 933 362 45 literature.
2729 938 96 41 See

1869 987 194 53 BUELL,
2107 991 300 46 LAWRENCE.

1801 1061 97 40 The
1940 1063 201 52 design
2180 1067 63 40 of
2281 1069 228 52 poetry.
2593 1072 95 40 See
2728 1074 228 53 PIERCE,

1870 1121 236 41 BARBARA
2144 1125 56 41 B.

1807 1184 95 40 The
1944 1187 200 49 design
2186 1190 62 37 of
2292 1190 90 39 the
2425 1193 327 41 nerrative.
2836 1197 96 39 See

1876 1244 258 51 OLMSTED,
2185 1247 156 43 JOHN.

1801 1310 87 40 Dr.
1939 1311 200 50 Jekyll
2182 1316 94 38 and
2316 1317 88 39 Mr.
2456 1319 153 48 Hyde.
2698 1320 93 38 See

1872 1367 327 56 STEVENSON,
2248 1374 200 40 ROBERT
2488 1376 189 42 LOUIS.

1812 1438 260 43 Dracula.
2158 1443 96 41 See
2296 1446 226 54 STOKER,
2568 1450 158 43 BRAM.

1811 1508 430 47 Frankenstein.
2329 1517 93 40 See
2466 1520 259 54 SHELLEY,
2771 1524 158 41 MARY.

1804 1575 372 57 Huckleberry
2215 1583 158 42 Finn.
2458 1587 94 39 See
2596 1589 259 55 CLEMENS,

1873 1634 200 45 SAMUEL
2111 1641 330 45 LANGHORNE.

1809 1688 137 52 Moby
1984 1694 155 40 Dick.
2226 1699 95 39 See
2361 1702 296 55 MELVILLE,
2707 1710 224 42 HERMAN.

1820 1752 98 41 The
1960 1758 198 39 native
2196 1759 277 44 American
2514 1768 197 48 people
2755 1770 62 38 of
2857 1772 96 38 the

1889 1811 159 44 East.
2131 1817 96 40 See
2264 1817 233 57 AXTELL,
2546 1823 193 54 JAMES,
2788 1828 90 43 ed.

1828 1875 93 38 The
1963 1877 197 39 native
2203 1880 273 42 American
2517 1887 196 48 people
2759 1890 64 37 of
2863 1892 91 37 the

1891 1933 163 40 West.
2137 1936 92 38 See
2272 1939 268 52 METCALF,
2587 1944 54 38 P.
2686 1945 267 53 RICHARD,
2995 1948 92 42 ed.

1813 2000 96 39 The
1954 2004 95 38 red
2089 2005 165 49 badge
2294 2009 65 37 of
2401 2019 255 42 courage.
2744 2014 95 38 See
2882 2015 189 53 CRANE,

1883 2060 257 45 STEPHEN.

1806 2128 100 40 The
1947 2132 129 37 time
2115 2133 263 39 machine.
2464 2135 95 39 See
2596 2137 198 52 WELLS,
2841 2139 53 40 H.
2943 2140 53 39 G.

1807 2195 269 42 Treasure
2120 2199 222 42 Island.
2429 2204 95 38 See
2566 2205 328 51 STEVENSON,
1876 2252 201 43 ROBERT
2115 2256 190 44 LOUIS.

1808 2312 198 55 20,000
2050 2320 229 49 leagues
2321 2324 168 40 under
2530 2326 94 41 the
2670 2338 118 31 sea.
2874 2331 94 39 See

1871 2375 197 55 VERNE,
2116 2380 192 43 JULES.

1724 2507 272 46 PENDULUM
2034 2515 192 54 PRESS,
2273 2521 123 42 INC.
2482 2525 93 39 See

1793 2567 98 40 THE
1928 2570 172 42 THIRD
2134 2575 189 44 WORLD:
2376 2579 226 45 AFRICA.

1808 2629 103 41 THE
1946 2633 171 41 THIRD
2150 2636 199 44 WORLD:
2396 2642 132 40 EAST
2567 2645 161 41 ASIA.

1804 2690 99 42 THE
1943 2695 167 41 THIRD
2146 2700 193 43 WORLD:
2389 2707 168 41 LATIN
2593 2712 239 44 AMERICA.

1805 2753 98 40 THE
1944 2756 168 40 THIRD
2148 2760 192 41 WORLD:
2390 2765 202 40 MIDDLE
2631 2769 159 43 EAST.

1803 2824 102 40 THE
1941 2827 170 40 THIRD
2146 2829 194 42 WORLD:
2388 2834 170 40 SOUTH
2593 2836 161 43 ASIA.

1811 2882 101 42 THE
1948 2887 171 40 THIRD
2153 2889 198 43 WORLD:
2398 2893 304 43 SOUTHEAST
2741 2897 161 42 ASIA.

1741 2990 272 42 PENETRYN
2051 2993 227 54 SYSTEM,
2327 2997 122 41 INC.

1810 3048 332 53 Penetryn’s
2188 3053 330 52 Injectite.
2598 3047 31 49 8
2666 3066 60 41 p.

1870 3105 39 40 ©
1947 3107 268 53 Penetryn
2256 3110 227 54 System,
2534 3113 155 52 Inc.;
2739 3113 261 54 19Jun73;

1875 3154 263 55 A446188.

1710 3278 238 43 PENGUIN
1986 3279 191 53 BOOKS,
2229 3281 121 43 INC.

1781 3340 362 42 Coriolanus.
2226 3344 96 39 See
2362 3344 401 53 SHAKESPEARE,
2807 3348 266 44 WILLIAM.

1707 3461 241 48 PENGUIN
1984 3467 195 57 BOOKS,
2224 3472 129 44 LTD.

1775 3525 102 42 New
1916 3528 267 42 economic
2223 3530 266 52 history.
2569 3535 99 40 See
2705 3536 199 54 TEMIN,
1845 3588 195 53 PETER,
2088 3591 89 41 ed.

1741 3708 264 53 PENINOU,
2051 3708 260 44 GEORGES.

1810 3765 405 52 Intelligence
2257 3767 61 39 de
2359 3766 67 42 la
2461 3765 337 53 publicite.
2881 3766 191 49 Paris,

1879 3826 56 41 R.
1984 3824 261 42 Laffont.
2324 3823 100 50 300
2461 3835 59 40 p.
2611 3819 225 59 (Medias
2879 3824 62 39 et

1874 3876 304 62 messages)
2258 3884 90 42 NM:
2392 3893 102 32 new
2533 3882 132 43 text
2707 3881 31 41 &
1879 3876 1134 112 compilation.
2114 3942 39 40 ©
2188 3942 268 41 Editions
2498 3941 201 41 Robert
2743 3939 261 51 Laffont,

1880 4002 56 41 S.
1948 4001 91 51 A.;
2120 3997 228 54 30Dec72;
2395 3997 307 51 AF0-72279.

1719 4108 303 43 PENINSULA
2063 4109 304 42 TELEPHONE
2404 4114 31 37 &
2473 4107 309 43 TELEGRAPH
2821 4108 89 43 CO.

1784 4163 197 49 Forks,
2025 4165 230 47 Beaver,
2305 4162 237 41 Clallam
2576 4164 104 47 Bay
2723 4158 221 59 (Sekiu)

1851 4220 371 51 Washington,
2266 4222 97 37 and
2410 4221 225 40 others.
2712 4220 164 49 Appl.

1853 4280 227 42 author:
2131 4278 235 43 General
2405 4279 305 49 Telephone
2749 4278 309 49 Directory

1856 4340 89 39 Co.
2025 4341 37 37 ©
2098 4336 302 43 Peninsula
2442 4337 303 48 Telephone
2785 4342 30 36 &
1855 4331 1131 117 Telegraph
2064 4396 88 39 Co.

1854 4450 197 47 Nov72.
2163 4453 128 45 1Nov;
2332 4440 269 57 A396416.

1720 4566 306 40 PENINSULA
2065 4566 270 40 TRAINING
2375 4566 235 41 SYSTEMS
2650 4568 156 41 CORP.

1790 4620 302 43 Peninsula
2134 4621 273 50 Training
2445 4624 261 49 Systems.
2794 4623 90 48 175
2972 4652 11 11 l.

1861 4683 85 40 NM:
1998 4678 398 53 compilation,
2447 4680 304 41 editorial
2794 4681 268 39 revision

1859 4743 31 36 &
1930 4737 335 41 additional
2313 4738 126 40 text
2480 4742 32 37 &
2550 4738 303 51 pictorial

1858 4797 228 39 matter.
2168 4798 38 37 ©
2239 4797 307 41 Peninsula
2584 4797 273 51 Training
1867 4796 1122 101 Systems
2032 4858 193 46 Corp.;
2276 4847 260 57 24May73;
2584 4846 261 58 A439560.

1741 4950 307 41 PENJERDEL
2085 4952 157 44 CORP.

1807 5009 270 41 Business
2120 5010 163 42 firms
2327 5013 305 51 directory
2672 5016 62 37 of
2775 5017 96 38 the

1879 5066 267 41 Delaware
2185 5069 230 51 Valley.
2500 5071 131 40 16th
2674 5073 87 38 ed.
2844 5072 128 47 1973
3016 5073 89 40 ed.

1877 5115 98 54 258
2012 5136 59 36 p.
2151 5125 161 48 Appl.
2358 5127 228 40 author:
2634 5128 201 39 Robert
2876 5128 57 41 S.

1877 5177 158 40 Barr.
2110 5178 39 38 ©
2186 5178 304 51 Penjerdel
2532 5179 193 51 Corp.;
2773 5180 262 52 27Mar73;

1873 5233 264 47 A430347.

1739 5346 266 52 PENKALA,
2049 5344 196 42 ALICE.

1810 5406 99 39 Die
1949 5401 368 52 Zeitspalte,
2361 5401 67 48 by
2465 5395 307 44 Anneliese
2810 5392 266 52 Meinert,

1879 5461 196 52 pseud.
2155 5457 207 40 Edited
2397 5456 67 49 by
2503 5455 168 40 Homer
2712 5453 54 39 D.
1882 5446 1135 117 Blanchard.
2087 5517 65 47 31
2191 5527 58 39 p.
2330 5514 90 41 NM:
2467 5507 411 57 biographical

1887 5575 198 43 sketch
2127 5574 61 42 of
2228 5573 204 42 author
2465 5572 32 38 &
2539 5569 375 51 facing-page

1882 5631 408 46 vocabularies
2328 5631 136 41 with
2501 5629 197 43 notes.
2774 5627 38 38 ©
2848 5626 170 42 Homer

1885 5695 56 39 D.
1987 5690 333 50 Blanchard;
2368 5686 261 51 21Feb73;
2676 5682 265 49 A422727.

1716 5819 230 53 PENLEY,
1992 5824 170 40 LARRY
2198 5827 231 42 HOWARD.

1787 5878 406 45 Professional
2239 5886 230 40 secrets
2512 5890 62 37 of
2611 5891 133 38 bass

1856 5937 260 51 fishing.
2199 5942 262 52 Hickory,
2509 5947 159 50 N.C.,
2716 5949 239 51 Hickory

1854 5994 193 40 Print.
2095 5997 90 41 Co.
2267 5999 65 44 67
2370 6011 57 39 p.
2502 6004 38 36 ©
2578 6004 168 50 Larry
2783 6008 204 39 Howard

1853 6051 228 51 Penley;
2129 6052 264 54 23Feb73;
2437 6059 265 47 A410753.

3222 626 161 51 PENN,
3430 623 200 43 GERALD
3666 623 60 37 M.
3810 620 92 37 See

3292 682 274 48 CLINICAL
3605 678 342 45 IMMUNOLOGY
3988 675 93 41 AND
3362 665 1100 121 IMMUNOCHEMISTRY.

3241 863 161 54 PENN,
3446 862 163 53 MARY,
3652 859 197 54 pseud.
3934 859 93 42 See
4072 857 194 54 SMITH,
4311 856 162 44 MARY.

3251 1015 161 52 PENN,
3460 1014 168 41 ROGER
3665 1012 333 41 FREDERICK.

3320 1076 68 40 An
3427 1069 407 57 experimental
3877 1071 168 49 study
4083 1068 305 50 involving
4429 1067 96 42 the

3390 1142 97 30 use
3531 1132 64 41 of
3633 1130 270 42 contract
3944 1127 340 44 evaluation
4325 1128 63 40 in
4427 1136 31 29 a

3390 1191 136 38 chem
3566 1190 168 47 study
3771 1188 99 39 and
3911 1187 62 39 in
4013 1197 30 29 a
4081 1184 375 43 traditional
4495 1185 135 48 high

3394 1247 199 43 school
3634 1246 307 49 chemistry
3978 1254 228 33 course.
4288 1247 102 39 Ann
4429 1243 195 50 Arbor,

3390 1306 344 49 University
3770 1302 338 45 Microfilms
4151 1304 239 48 Library

3392 1367 268 40 Services
3710 1359 358 61 (73-11-555)
4151 1361 332 44 Microfilm.

3399 1421 299 58 (Doctoral
3738 1419 410 45 dissertation
4189 1415 225 57 series)

3387 1484 38 37 ©
3461 1485 169 46 Roger
3670 1480 306 43 Frederick
4013 1482 160 47 Penn;
4219 1478 235 49 30May73;
3394 1531 263 59 A458259.

3243 1648 159 50 PENN,
3448 1648 242 40 WILLIAM
3725 1649 55 42 W.

3313 1706 96 39 The
3451 1706 199 40 effect
3691 1708 65 37 of
3797 1718 29 28 a
3866 1707 270 49 training
4174 1717 241 41 program
4453 1717 65 30 on

3382 1766 96 40 the
3520 1765 302 42 attitudes
3865 1766 63 39 of
3970 1765 340 51 elementary
4353 1766 196 41 school

3381 1823 476 46 administrators
3901 1826 96 38 and
4039 1826 268 40 teachers
4351 1825 201 41 toward

3382 1883 271 40 children
3691 1883 134 40 with
3865 1883 272 49 learning
4177 1883 330 42 disorders.

3380 1943 100 37 Ann
3517 1942 194 49 Arbor,
3760 1940 344 51 University
4139 1941 341 42 Microfilms

3380 2001 237 49 Library
3658 2000 269 41 Services
3976 1994 291 62 (73-4159)
3382 1997 1134 107 Microfilm.
3630 2052 295 61 (Doctoral
3970 2058 410 42 dissertation
4423 2051 224 61 series)

3377 2117 37 37 ©
3451 2116 237 41 William
3727 2118 53 42 W.
3831 2118 159 47 Penn;
4042 2118 260 48 29Dec72;
4350 2107 262 59 A418425.

3236 2240 133 41 PENN
3403 2242 239 42 WOMEN'S
3685 2246 234 42 STUDIES
3962 2249 269 44 PLANNERS
4274 2254 200 43 SUMMER

3305 2299 235 42 PROJECT
3577 2303 229 51 REPORT,
3859 2306 156 51 1972;
4063 2318 30 30 a
4132 2309 372 55 descriptive

3303 2364 225 44 survey.
3610 2361 68 50 By
3715 2363 131 41 Anne
3888 2365 161 52 Beuf,
4096 2369 170 52 Peggy
4300 2371 199 53 Duffy,

3302 2414 164 40 Bobbi
3508 2419 235 49 Granger
3784 2422 33 37 &
3855 2421 224 44 others.
4162 2424 345 54 University
4546 2434 61 38 of

3301 2472 432 52 Pennsylvania.
3819 2470 64 56 69
3922 2488 52 42 p.
4056 2480 39 41 ©
4127 2483 132 41 Anne
4303 2486 158 51 Beuf,

3301 2532 167 50 Peggy
3502 2533 197 52 Duffy,
3748 2538 165 41 Bobbi
3955 2542 263 50 Granger,
4265 2545 100 40 Ann
3299 2543 1238 104 Moorhead,
3504 2593 167 49 Elyce
3710 2595 267 53 Rotella,
4024 2601 238 49 Cynthia
4301 2605 228 51 Sadler,

3296 2647 170 52 Betsy
3505 2650 199 43 Sandel
3746 2656 32 39 &
3812 2654 167 42 Diane
4024 2658 365 56 Scholander;

3301 2704 258 55 19Dec72;
3606 2703 262 61 A412545.

3241 2811 262 55 PENNELL,
3553 2816 130 39 LOIS
3723 2817 399 46 HARDENBERGH.

3312 2872 64 37 To
3412 2872 193 50 youth,
3652 2873 67 49 by
3757 2875 228 50 Frosty,
4034 2879 191 46 pseud.
4309 2881 28 37 2
4381 2891 51 30 v.

3379 2929 86 42 NM:
3517 2929 339 44 additional
3895 2943 192 41 poems.
4168 2938 38 37 ©
4243 2938 128 38 Lois

3376 2987 377 53 Hardenbergh
3793 2992 260 49 Pennell;
4136 2994 194 51 1Feb73;
3376 3036 261 58 A426633.

3239 3145 263 55 PENNELL,
3550 3148 165 43 ROLLA
3761 3151 51 43 J.

3334 3204 70 42 The
3450 3197 97 51 "how
3618 3205 66 44 to"
3758 3203 234 47 seminar
4034 3211 62 39 of
4136 3211 372 53 acupuncture

3376 3263 101 43 for
3511 3255 370 64 physicians,
3924 3269 70 50 by
4031 3269 165 42 Rolla
4241 3272 52 40 J.
4343 3272 236 41 Pennell

3367 3307 1042 75 & Gordon D. Heuser, Edited by
3371 3379 1233 63 Edrit [[illegible]] 1st ed. Independence,
3368 3432 1063 67 Mo. [[illegible]] 34 p. © Gordon D.
3371 3496 1163 116 Heuser & Rolla J. Pennell; 6Apr73; A443518.
3214 3661 228 55 PENNER,
3490 3663 192 46 JULIA.

3279 3723 100 42 The
3420 3724 130 42 life
3591 3726 100 39 and
3727 3724 236 43 witness
4007 3728 63 39 of
4112 3728 93 41 the
4248 3731 225 40 church.

3349 3783 98 40 See
3489 3783 227 53 HORSCH,
3764 3784 164 41 JAMES
3967 3785 94 51 E.,
4110 3787 88 41 ed.

3228 3898 201 41 PENNEY
3475 3891 84 61 (J.
3606 3890 93 63 C.)
3744 3896 124 54 CO.,
3919 3895 122 46 INC.

3295 3955 135 41 Hand
3466 3954 275 52 printing
3781 3956 98 39 for
3919 3955 96 41 the
4056 3953 237 52 optical
4335 3962 131 33 scan

3366 4015 227 41 reader.
3677 4013 95 42 Set
3815 4013 268 43 includes
4126 4009 332 55 filmstrip,

3366 4070 477 45 administrative
3884 4070 166 53 guide
4091 4070 99 41 for
4226 4079 206 42 person

3367 4129 373 54 responsible
3782 4130 97 41 for
3918 4127 273 52 training
4235 4122 257 62 (sheet),

3366 4188 238 53 optical
3646 4197 234 34 scanner
3917 4185 307 53 handprint
3368 4182 1099 111 evaluation

3546 4240 224 61 (sheet)
3813 4246 31 39 &
3884 4244 237 54 optical
4163 4254 235 33 scanner

3366 4304 306 53 handprint
3711 4303 271 53 practice
4025 4303 192 44 sheet.
4294 4303 39 40 ©
4366 4303 57 42 J.
4472 4303 54 42 C.

3370 4366 201 48 Penney
3610 4364 124 51 Co.,
3782 4363 158 51 Inc.;
3988 4360 263 53 15Oct72;
4297 4359 265 53 A404173.

3297 4426 133 42 Home
3473 4428 440 42 entertainment
3954 4430 99 41 and
4089 4432 172 50 major
3367 4428 1101 103 appliances

3575 4488 271 49 training
3882 4498 265 40 program:
4199 4490 233 50 selling

3368 4555 227 41 ranges.
3678 4547 97 39 See
3815 4547 205 41 PENNEY
4066 4541 82 61 (J.
4196 4541 92 60 C.)
4333 4550 125 53 CO.,

3370 4605 122 40 INC.
3574 4606 307 40 PERSONNEL
3917 4606 160 42 DEPT.

3292 4655 1105 65 Me, myself & I: How preschoolers
3367 4724 96 30 see
3505 4714 365 58 themselves,
3918 4723 100 41 for
4058 4726 166 42 those
4261 4731 102 40 who

3364 4770 928 105 live & love & work with preschoolers.
3779 4834 98 41 See
3918 4835 205 46 PENNEY
4168 4837 81 56 (J.
4297 4840 94 53 C.)

3361 4880 126 56 CO.,
3539 4885 122 47 INC.
3742 4890 376 49 EDUCATIONAL
4156 4898 33 41 &

3361 4939 274 48 CONSUMER
3671 4947 305 48 RELATIONS
4019 4957 157 46 DEPT.

3292 5010 165 42 Store
3499 5013 200 40 office
3741 5015 271 53 training
4049 5028 306 41 program—

3361 5068 297 45 invoices.
3736 5072 128 43 Kit.
3943 5075 38 38 ©
4015 5076 57 40 J.
4120 5077 56 40 C.
4224 5078 202 50 Penney

3358 5126 127 48 Co.,
3534 5128 158 48 Inc.;
3738 5120 263 58 26Dec72;
4049 5134 265 44 A415139.

3209 5232 201 42 PENNEY
3458 5230 80 58 (J.
3586 5230 91 59 C.)
3724 5236 124 51 CO.,
3899 5239 119 41 INC.
4102 5241 99 38 See

3277 5292 203 40 BEAUTY
3516 5293 168 40 SALON
3723 5296 271 41 TRAINING
4036 5300 261 42 PROGRAM.

3295 5341 204 44 CUSTOM
3532 5349 369 47 DECORATING.

3238 5459 204 41 PENNEY
3490 5453 78 62 (J.
3618 5455 92 59 C.)
3756 5460 125 52 CO.,
3931 5462 120 42 INC.
4134 5463 379 43 EDUCATIONAL

3307 5523 32 37 &
3377 5518 272 42 CONSUMER
3687 5520 303 41 RELATIONS
4031 5522 133 40 DEPT.

3307 5577 90 50 Me,
3443 5577 206 52 myself
3686 5582 31 38 &
3758 5579 51 41 I:
3859 5581 99 38 How
3993 5580 410 52 preschoolers
4448 5592 94 32 see

3377 5636 365 50 themselves,
3791 5638 98 39 for
3928 5638 164 41 those
4130 5641 104 40 who
4275 5641 127 39 live
4444 5646 32 38 &

3378 5694 1198 55 love & work with preschoolers. Set
3378 5752 265 40 includes
3686 5752 192 51 guide,
3925 5753 237 51 picture
4204 5757 192 49 cards,
4445 5757 165 40 adult

3374 5813 31 37 &
3441 5809 408 52 preschoolers
3893 5811 202 41 record
4142 5808 92 59 (in
4273 5814 200 40 record

3377 5860 260 59 sleeves)
3686 5867 234 40 flannel
3959 5869 169 40 board
4172 5871 257 50 objects,

3371 5923 264 52 puppets,
3686 5925 301 40 checklist
4027 5932 32 37 &
4099 5928 303 51 follow-up

3375 5983 155 40 card.
3612 5986 37 37 ©
3685 5984 53 38 J.
3788 5984 53 39 C.
3891 5986 202 48 Penney
4132 5986 124 50 Co.,
4308 5989 120 38 Inc.

3381 6033 91 59 (in
3508 6039 228 42 notice:
3786 6041 374 42 Educational
4199 6049 32 37 &
4269 6044 272 41 Consumer

3374 6099 951 49 Relations Dept. of the J. C.
3376 6165 202 46 Penney
3617 6163 124 47 Co.,
3793 6155 189 59 Inc.);
4030 6159 227 51 2Jan73;
4305 6151 264 58 A409099.
